2656 4258
368 162 449 222 127.
469 162 612 220 Adieux
631 161 656 218 a
673 164 796 219 Rome.

362 283 467 364 (Poeta
488 285 604 344 Romae
625 281 797 364 valedicit.)

76 465 234 527 Cedamus
256 469 380 547 patria:
397 469 506 528 vivant
526 468 669 529 Artorius
690 467 759 528 istic
1095 473 1153 528 Ru.

79 559 117 617 Et
147 560 278 619 Catulus
301 580 307 633 ;
332 570 487 634 maneant,
515 562 568 641 qui
590 562 713 638 nigrum
739 561 771 620 in
792 560 922 621 candida
943 565 1082 630 vertunt,

73 655 171 722 Queis
193 656 285 716 facile
308 663 355 716 est
376 657 482 717 aedem
504 659 688 728 conducere,
711 657 849 729 flumina,
873 665 994 736 portus,

77 753 265 812 Siccandam
288 754 433 828 eluviem,
457 755 644 836 portandum
666 754 705 814 ad
726 755 816 814 busta
839 754 980 822 cadaver,

79 849 115 907 Et
136 850 285 927 praebere
306 858 401 931 caput
428 852 552 911 domina
575 852 683 911 venale
706 852 763 910 sub
785 851 883 911 hasta.

11 957 12 988 ³
81 944 164 1011 Quid
187 945 306 1006 Romae
327 949 464 1008 saciam‘l
485 949 612 1007 mentiri
635 948 760 1022 nesci03
784 947 907 1020 librum,

11 1065 12 1124 }
74 1042 107 1099 Si
135 1041 241 1100 malus
263 1051 321 1115 est,
345 1065 466 1125 nequeo
487 1044 612 1104 laudare
634 1053 665 1104 et
686 1064 832 1124 poscere;
855 1051 958 1102 motus

11 1203 13 1254 ι
77 1141 245 1198 Astrorum
267 1141 393 1218 ignoro;
418 1142 512 1202 funus
533 1142 718 1222 promittere
741 1142 838 1221 patris

11 1259 13 1308 t
76 1235 142 1293 Nec
164 1235 236 1294 volo
258 1256 315 1296 nec
336 1256 484 1318 possum;
507 1260 653 1298 ranarum
675 1239 798 1297 viscera
820 1255 989 1316 numquam

11 1325 13 1350 '
78 1332 221 1410 Inspexi;
245 1333 325 1392 lerre
346 1333 384 1394 ad
406 1343 536 1415 nuptam
558 1356 627 1415 quae
649 1335 746 1394 mittit
770 1334 903 1404 adulter,

11 1505 13 1518 .
77 1428 162 1494 Quae
184 1430 320 1503 mandat,
345 1431 456 1490 norint
476 1432 546 1506 alii,
571 1453 619 1491 me
642 1453 732 1490 nemo
755 1431 897 1490 ministro

11 1523 13 1596 ξ
79 1525 143 1583 Fur
162 1525 248 1586 erit:
273 1535 367 1607 atque
393 1527 463 1587 ideo
485 1527 561 1587 nulli
583 1549 686 1588 comes
709 1549 796 1602 exeo,
819 1536 978 1607 tamquam
1046 1564 1051 1574 ·

11 1635 12 1660 ³
78 1621 213 1681 Mancus
236 1631 267 1682 et
288 1624 460 1684 exstinctae
482 1646 594 1704 corpus
616 1646 679 1684 non
702 1625 776 1684 utile
799 1625 934 1684 dextrae.

11 1741 12 1744 ¹
77 1717 154 1784 Quis
176 1739 262 1779 nunc
285 1720 433 1798 diligitur,
458 1723 516 1782 nisi
540 1723 693 1794 consciuS,
716 1728 747 1780 et
768 1721 822 1780 cui
844 1720 967 1780 fervens

81 1819 212 1875 Aestuat
236 1817 370 1877 occultis
391 1820 512 1878 animus
533 1838 713 1898 semperque
735 1818 900 1877 tacendis?

11 1979 12 2014 1
82 1912 131 1969 Nil
154 1911 210 1971 tibi
233 1935 268 1972 se
290 1914 405 1974 debere
426 1923 526 1996 putat,
550 1916 592 1974 nil
614 1915 752 1976 conferet
773 1934 931 1994 umquam,

11 2015 13 2094 t
83 2008 266 2088 Participem
299 2013 353 2091 qui
375 2019 406 2072 te
428 2013 536 2072 secreti
558 2013 632 2071 fecit
653 2013 791 2086 honesti;

11 2097 12 2118 ¹
81 2105 181 2164 Carus
203 2108 262 2166 erit
283 2109 385 2181 Verri,
412 2111 465 2190 qui
487 2111 612 2170 Verrem
635 2117 773 2190 tempore
796 2129 857 2188 quo
879 2107 947 2166 vult

12 2269 14 2286 ἐ
87 2205 241 2262 Accusare
263 2212 377 2284 potest.
400 2207 490 2266 Tanti
513 2207 571 2266 tibi
593 2228 655 2266 non
677 2208 718 2266 sit
738 2207 825 2286 opaci

13 2289 14 2354 l
85 2299 193 2358 Omnis
216 2321 307 2360 arena
328 2303 404 2382 Tagi
426 2305 571 2384 quodque
593 2305 625 2362 in
647 2325 730 2363 mare
753 2303 889 2361 volvitur
909 2320 1031 2374 aurum,

13 2383 14 2394 ¹
89 2395 132 2453 Ut
156 2416 264 2455 somno
286 2419 391 2458 careas
412 2401 618 2482 ponendaque
642 2399 776 2479 praemia
799 2419 901 2458 sumas

14 2555 15 2560 ἵ
87 2491 198 2550 Tristis
219 2502 250 2551 et
271 2515 288 2554 a
309 2516 421 2576 magno
444 2518 564 2577 semper
586 2497 723 2556 timearis
745 2496 857 2556 amico.

189 2732 269 2792 128.
292 2734 492 2806 simplicite
513 2738 580 2792 des
599 2733 781 2805 premiere
800 2732 988 2790 Romeins.

16 2874 21 2883 '
80 2869 197 2949 (Quam
226 2858 354 2922 innocui
375 2857 559 2941 priscorum
585 2858 799 2917 Romanorum
828 2875 928 2915 mores
947 2853 1095 2935 suerint.)

83 3055 235 3132 Tempore
257 3046 357 3106 crevit
378 3065 474 3116 amor,
499 3043 550 3122 qui
575 3061 657 3100 nunc
679 3048 726 3099 est
756 3060 905 3110 summus,
928 3037 1062 3098 habendi
1086 3061 1093 3100 :
1122 3045 1164 3108 2⁰

161 3149 222 3207 Vix
243 3144 335 3216 ultra,
360 3162 421 3221 quo
440 3142 504 3221 jam
528 3138 755 3218 progrediatur,
780 3137 884 3196 habet.

14 3239 15 3242 Ἴ
90 3246 194 3307 Pluris
216 3263 290 3323 opes
313 3259 395 3298 nunc
418 3245 490 3296 sunt
511 3256 603 3314 quam
626 3235 719 3314 prisci
741 3233 888 3313 temporis
911 3231 1011 3308 annis,

15 3329 17 3348 i
164 3344 247 3402 Dum
269 3335 405 3418 populus
430 3354 561 3414 pauper,
586 3332 659 3390 dum
683 3352 760 3390 nova
784 3331 883 3390 Roma
904 3330 974 3388 suit.

80 3440 231 3520 luppiter
252 3440 384 3512 angusta
405 3432 458 3489 vix
483 3439 567 3489 totus
591 3428 693 3488 stabat
714 3428 743 3485 in
767 3426 843 3499 aede,

162 3537 261 3615 Inque
282 3531 370 3590 Jovis
392 3528 507 3588 dextra
528 3525 624 3585 fictile
647 3525 764 3583 fulmen
786 3530 862 3585 crat.

15 3609 17 3680 i
83 3632 261 3692 Frondibus
284 3626 447 3698 ornabant,
471 3645 544 3703 quae
565 3643 647 3681 nunc
669 3620 824 3700 Capitolia
847 3619 985 3698 gemmis

164 3727 377 3806 Pascebatque
400 3741 470 3781 suas
493 3721 563 3800 ipse
586 3726 711 3778 senator
732 3738 815 3777 oves.

525 3908 666 3959 -.89-
