2678 4250
201 171 308 227 rebare.
324 203 363 211 —
376 173 489 228 rubrus.
506 203 543 218 ’-
559 172 734 235 diooueucu.
752 203 790 213 —
813 189 974 229 ouarsuns
992 205 1030 212 -
1047 174 1196 228 aulrnuus

199 297 313 369 valent,
344 297 391 358 vel
416 307 535 358 mutato
560 321 663 360 eorum
694 321 771 382 quae
794 299 947 359 invenerit
962 299 1092 377 ordine),
1118 300 1195 358 nibil

198 393 321 455 illorum
339 415 417 476 quae
436 396 520 456 velut
539 417 650 476 magua
668 398 699 456 in
720 397 834 457 scholis
851 400 1121 476 grammaticorum
1143 405 1197 456 aut

198 489 356 551 rbet'nrum
378 492 487 553 didicit
507 492 567 552 illis
587 494 701 554 divinis
717 494 793 553 viris
808 493 943 553 defuisse
960 500 1140 572 coguoseet;
1165 503 1197 552 et

196 590 295 648 multa
308 589 440 669 reperiet
449 589 613 649 locutionis
623 611 735 668 genera
748 591 826 651 tanti
835 590 965 662 decoris,
979 611 1057 670 quae
1070 589 1195 670 quidem

196 693 230 744 et
243 685 274 744 'in
289 694 403 760 nostra,
420 686 474 746 sed
489 688 620 746 maxime
639 688 671 746 in
686 709 740 746 sua
759 687 865 766 lingua
887 687 997 747 decora
1015 695 1098 759 sunt,
1115 707 1194 766 quo-

198 803 265 840 rum
284 783 402 842 nullum
418 783 450 841 in
472 783 515 842 eis
533 784 646 864 quibus
662 785 714 843 isti
733 785 881 844 inflantur
900 784 1012 842 litteris
1026 784 1194 842 iuvenitur.

106 895 108 900 ·
197 879 259 938 Sed
274 880 446 939 cavendum
462 887 508 940 est
527 901 564 940 ue
579 880 693 940 divinis
710 881 918 962 gravibusque
933 880 1105 950 sententiis,
1121 879 1194 938 dum

196 975 323 1035 additur
335 997 491 1048 numerus,
507 977 628 1056 pondus
640 977 829 1038 detrabatur.
883 981 959 1038 b'aur
1009 976 1061 1034 illa
1079 976 1194 1034 musica

197 1073 371 1153 disciplina,
398 1073 449 1132 ubi
477 1095 623 1132 numerus
651 1073 708 1140 iste
733 1074 910 1154 plenissime
928 1073 1067 1138 discitur.
1099 1093 1196 1151 usque

197 1169 275 1230 adeo
290 1189 352 1228 non
367 1169 466 1230 deluit
481 1170 644 1250 Prophetis
662 1171 775 1230 nestris
795 1178 830 1230 ut
849 1172 896 1229 vir
910 1170 1105 1230 doctissimus
1121 1169 1196 1228 Hie-

198 1286 345 1345 ronymus
355 1267 557 1346 quorumdam
570 1267 661 1326 etiam
671 1274 767 1328 metra
779 1273 1009 1338 commemoret,
1021 1266 1053 1324 in
1063 1265 1196 1326 hebraea

198 1363 359 1423 dumtaxat
373 1363 487 1440 lingua.

197 1529 280 1588 360.
295 1532 349 1588 Le
363 1533 503 1589 lecture
516 1533 583 1588 des
596 1499 725 1602 poetes
740 1533 798 1588 est
812 1531 903 1588 utile
919 1544 994 1589 eux
1006 1485 1194 1587 orateurs.

302 1635 493 1716 (Plurimum
515 1636 634 1696 oraturi
653 1636 773 1716 confert
796 1635 884 1696 lectio
903 1635 1091 1716 poetarum.)
1166 1724 1169 1730 Ι

141 1770 183 1834 2⁰
238 1777 405 1836 Plurimum
421 1777 498 1837 dicit
509 1777 623 1838 oratori
636 1777 774 1836 conferre
787 1778 1017 1857 Theophrastus
1031 1775 1197 1834 lectionem

196 1884 367 1954 poetarum,
380 1875 529 1954 multique
540 1875 607 1955 ejus
619 1874 766 1934 indicium
778 1880 966 1954 sequuntur:
981 1893 1079 1952 neque
1089 1872 1199 1929 imme-

194 1972 266 2031 rite.
285 1973 423 2050 Namque
435 1972 472 2030 ab
488 1972 580 2030 bisin
596 1971 686 2042 rebus
699 1971 826 2051 spiritus
843 1971 919 2029 etin
934 1970 1036 2030 verbis
1056 1967 1199 2027 sublimi-

195 2076 243 2128 tas
267 2075 298 2127 et
325 2069 355 2126 iu
381 2067 540 2128 allectibus
563 2076 666 2128 motus
695 2069 795 2126 omnis
821 2074 852 2126 et
879 2068 911 2126 in
940 2066 1076 2146 personis
1103 2065 1199 2124 decor

195 2166 323 2245 petitur,
338 2166 562 2244 praecipueque
579 2165 664 2224 velut
678 2165 783 2226 attrita
800 2164 983 2244 quotidiano
995 2171 1065 2222 actu
1081 2161 1197 2220 lorensi

195 2261 318 2338 ingenia
332 2261 447 2340 optime
458 2281 559 2320 rerum
573 2261 679 2320 talium
692 2260 842 2320 blanditia
856 2267 1047 2340 reparantur.
1060 2258 1199 2337 ldeeque

196 2358 229 2416 in
245 2359 302 2416 lrac
316 2358 448 2416 lectione
461 2357 569 2416 Cicero
580 2357 835 2437 requiescendum
851 2364 950 2436 putat.
964 2355 1200 2416 Meminerimus

196 2463 311 2526 tamen,
329 2475 390 2512 non
412 2455 584 2534 peremnia
604 2462 711 2533 poetas
732 2475 797 2514 asse
816 2453 932 2513 oratori
951 2452 1123 2533 sequendas
1139 2471 1200 2510 uec

196 2553 338 2610 libertate
351 2552 514 2610 verborum
533 2571 589 2610 nec
608 2551 731 2610 licentia
746 2553 931 2628 figurarum
948 2571 1044 2628 genus
1062 2555 1201 2608 ostenta-

194 2649 274 2710 tioni
289 2657 511 2727 comparatum,
526 2655 566 2722 et,
577 2655 699 2728 praeter
713 2648 743 2706 id
759 2648 840 2728 quod
854 2648 950 2708 solam
966 2645 1045 2726 petit
1056 2645 1199 2726 velupta-

196 2755 407 2826 tem,eamque
431 2747 523 2804 etiam
547 2745 693 2824 lingendo
718 2765 779 2803 non
807 2745 882 2803 falsa
907 2743 1000 2803 mode
1025 2741 1077 2802 sed
1103 2741 1199 2800 etiam

194 2843 346 2925 quaedam
368 2842 557 2901 incredibilia
583 2849 728 2912 sectatur,
750 2842 921 2922 patrocinio
945 2859 1067 2920 quoque
1092 2837 1200 2918 aliquo

192 2941 319 3022 juvari:
342 2940 425 3020 quod
445 2940 566 3017 alligata
580 2939 620 3022 ¹ad
639 2946 754 2998 certam
770 2938 882 3018 pedum
903 2937 1116 2996 necessitatem
1133 2954 1200 2993 non

195 3059 318 3117 semper
332 3037 376 3096 uti
388 3037 520 3116 propriis
535 3036 643 3115 possit,
654 3036 706 3094 sed
722 3035 847 3116 depulsa
863 3042 945 3094 recta
958 3033 1005 3093 via
1022 3030 1201 3091 necessario

195 3136 235 3194 ad
258 3133 421 3214 eloquendi
439 3133 587 3212 quaedam
611 3131 797 3191 deverticula
814 3131 983 3209 conlugiat,
1002 3149 1058 3188 nec
1077 3133 1202 3186 mutare

196 3231 347 3309 quaedam
358 3229 450 3288 modo
461 3227 564 3301 verba,
577 3229 630 3288 sed
643 3228 817 3301 extendere,
828 3228 991 3307 corripere,
1001 3232 1198 3298 convertere,

195 3327 336 3386 dividere
351 3334 493 3405 cogatur;
515 3347 570 3385 nos
588 3346 662 3384 vero
680 3331 813 3384 armatos
837 3332 916 3382 stare
938 3324 970 3382 in
988 3323 1052 3382 acie
1069 3329 1100 3380 et
1114 3340 1201 3379 surn-

199 3425 257 3482 mis
276 3423 313 3482 de
334 3422 425 3481 rebus
446 3423 610 3481 decernere
626 3429 656 3480 et
675 3422 713 3480 ad
732 3421 894 3480 victoriam
910 3420 977 3478 niti.
1001 3420 1108 3498 Neque
1121 3437 1201 3494 ergo

199 3541 281 3580 arma
298 3520 434 3599 squalere
452 3521 514 3578 situ
529 3540 563 3578 ac
580 3519 721 3596 rubigine
739 3516 844 3588 velim,
857 3517 909 3577 sed
925 3515 1077 3594 fulgerem
1095 3515 1200 3572 inesse

196 3618 252 3697 qui
265 3623 387 3690 terreat,
401 3617 499 3695 qualis
512 3623 559 3675 est
573 3615 656 3690 ferri,
669 3637 731 3696 quo
746 3635 831 3674 mens
846 3614 935 3672 simul
950 3613 1095 3690 visusque
1109 3629 1201 3689 prae-

197 3713 375 3792 stringitur;
393 3733 454 3771 nen
476 3712 574 3793 qualis
594 3713 660 3773 auri
679 3711 870 3793 argentique,
890 3708 1022 3769 imbellis
1039 3715 1070 3766 et
1089 3707 1202 3776 potius

199 3809 325 3869 habenti
341 3809 539 3888 periculosus.
956 3804 958 3807 ’

617 3941 653 3956 ν·-
672 3917 723 3968 aaa
742 3945 775 3955 -
