2678 4250
301 177 385 235 374.
406 179 600 235 L'orateur
621 179 796 255 Antoine.⁴

373 274 428 350 (De
449 273 586 332 Antonio
608 274 754 356 oratore.)

112 409 216 468 Omnia
237 405 403 472 veniebant
423 405 559 464 Antonio
580 405 612 463 in
632 412 784 479 mentem3
800 427 896 485 eaque
909 428 965 466 suo
980 427 1064 486 quae·
1077 408 1132 468 uh.

76 526 129 584 que
147 505 224 576 loce,
243 503 294 561 ubi
310 501 477 580 plurimum
496 503 643 580 proficere
656 510 686 561 et
703 502 806 562 valere
822 511 958 582 possent,
979 512 1012 562 ut
1026 504 1065 562 ab

77 603 249 680 imperatore
261 599 391 679 equites,
409 598 540 677 pediteS‚
556 599 632 658 levis
648 608 813 672 armatura,
833 599 877 657 sie
898 589 937 658 ali
964 600 1017 659 illo
1034 601 1066 658 in

76 698 196 763 maxime
214 695 398 775 opportunis
418 695 566 754 orationis
583 695 722 774 partibus
737 695 978 755 collocabantur.
993 696 1067 756 Erat

76 794 213 852 memoria
237 813 366 863 summa,
389 791 472 850 nulla
495 791 703 853 meditationis
726 793 872 870 suspicio,
895 793 1068 872 Imperatus

79 911 187 969 semper
203 889 325 966 aggredi
339 886 377 947 ad
401 887 754 958 dicendum-videbatur,
772 887 825 946 sed
841 889 884 948 ita
901 897 967 948 erat
979 909 1069 969 para-

78 994 129 1059 tuS,
158 992 191 1046 ut
221 977 354 1065 judices,
382 984 435 1042 illo
468 985 601 1052 dicente,
621 1005 854 1064 nonnumquam
889 985 1070 1044 viderentur

77 1085 220 1142 nonsatis
240 1082 338 1161 parati
360 1081 398 1140 ad
411 1081 582 1141 cavendum
598 1081 703 1142 luisse.
727 1081 830 1140 Verba
848 1082 915 1161 ipsa
940 1103 1002 1140 non
1018 1081 1068 1140 illa

76 1181 188 1258 quidem
203 1179 431 1257 elegantissimo
447 1198 586 1236 sermone
603 1197 610 1237 t
627 1178 731 1256 itaque
746 1177 909 1255 diligenter
921 1177 1068 1258 loquendi

76 1275 154 1335 laude
163 1277 263 1334 caruit
275 1275 386 1356 (neque
398 1283 499 1334 tamen
513 1280 559 1332 est
569 1273 736 1333 admodum
750 1275 910 1354 inquinate
922 1274 1066 1354 locutus),

75 1373 120 1430 sed
146 1373 207 1444 illa,
237 1392 305 1450 quae
334 1371 457 1450 propria
485 1370 552 1429 laus
580 1371 775 1429 oratorisest
797 1371 829 1428 in
857 1372 958 1430 verbis
986 1370 1068 1452 (nam

76 1470 167 1547 ipsum
190 1470 285 1528 latine
303 1468 387 1547 loqui
405 1474 452 1526 est
477 1467 552 1526 illud
570 1467 708 1546 quidem,
731 1474 766 1525 ut
786 1468 879 1547 paulo
899 1476 970 1527 ante
992 1467 1067 1539 dixi,

76 1565 102 1622 in
115 1587 221 1644 magna
236 1565 328 1624 laude
344 1562 532 1643 ponendum,
549 1563 602 1622 sed
617 1585 679 1622 non
694 1573 755 1622 tam
769 1585 824 1622 sua
842 1573 952 1644 sponte
976 1585 1069 1643 quam

76 1663 150 1740 quod
163 1670 237 1721 esta
253 1661 407 1741 plerisque
422 1661 597 1738 neglectum
613 1681 619 1734 ;
636 1682 696 1718 non
713 1661 792 1719 enim
805 1667 868 1719 tam
888 1661 1069 1740 praeclarum
1136 1691 1137 1695 .

75 1765 115 1816 est
134 1760 208 1816 scire
232 1753 339 1816 Latine
356 1778 447 1836 quam
479 1764 567 1835 turpe
591 1757 720 1821 nescire,
747 1777 846 1836 neque
872 1764 932 1815 tam
948 1757 978 1814 id
994 1757 1070 1815 mihi

73 1855 194 1912 oratoris
218 1854 291 1912 boni
306 1875 401 1932 quam
418 1853 495 1911 civis
513 1853 651 1911 Romani
669 1854 827 1931 proprium
846 1852 1000 1932 videtum:
1016 1851 1070 1910 sed

75 1955 168 2008 tamen
186 1951 342 2026 Antonius
353 1951 385 2008 in
403 1950 505 2009 verbis
521 1957 551 2008 et
562 1949 710 2026 eligendis
723 1951 831 2029 [neque
847 1949 875 2006 id
893 1949 991 2028 ipsum
1007 1956 1070 2006 tam

74 2044 182 2124 leporis·
195 2069 286 2106 causa
303 2068 395 2126 quam
410 2047 566 2126 ponderis)
580 2055 611 2104 et
624 2046 813 2105 collocandis
827 2053 857 2104 et
871 2046 1072 2125 comprehen-

23 2209 24 2218 .
74 2141 151 2202 sione
163 2143 372 2202 devinciendis
396 2143 476 2201 nihil
492 2165 554 2201 non
577 2143 613 2202 ad
632 2143 781 2202 rationem
807 2151 837 2202 et
863 2151 1018 2222 tamquam
1031 2142 1068 2200 ad

73 2246 160 2298 artem
170 2241 328 2317 dirigebat
346 2261 352 2314 3
375 2261 483 2299 verum
499 2240 597 2298 multo
615 2241 712 2316 magis
731 2239 789 2298 hoc
808 2239 889 2298 idem
904 2240 935 2298 in
949 2247 1070 2298 senten·
1130 2285 1132 2289 .

23 2373 24 2376 η
75 2335 175 2396 tiaram
192 2337 381 2397 ornamentis
401 2345 431 2396 et
448 2337 762 2396 conformationibus.
785 2337 852 2404 Quo
872 2357 981 2414 genere
998 2336 1071 2416 quia

23 2487 25 2512 L
77 2441 194 2508 praestat
211 2434 355 2493 omnibus
371 2434 605 2506 Demosthenes,
624 2433 738 2492 idcirco
754 2455 771 2494 a
793 2433 892 2492 doctis
910 2440 1069 2492 oratorum

23 2583 24 2626 p
73 2536 115 2586 est
127 2531 268 2611 princeps
277 2531 447 2610 judicatus

236 2683 321 2740 375.
345 2679 460 2739 Cesar
479 2683 633 2737 orateur
652 2684 689 2737 et
708 2680 900 2772 historien.
939 2734 941 2739 .

23 2853 24 2856 Ἴ
107 2775 161 2854 (De
184 2777 316 2858 Caesare
336 2784 456 2836 oratore
477 2784 506 2836 et
529 2776 832 2837 Commentariorum
854 2777 1032 2858 scriptore.)

108 2909 220 2982 Caesar,
239 2910 390 2968 rationem
411 2909 569 2979 adhibens
593 2909 848 2968 consuetudinem
877 2910 1020 2968 vitiosam
1038 2917 1068 2968 et
1096 2917 1137 2980 2·

23 3025 24 3046 ;
74 3015 243 3086 corruptam
273 3027 349 3085 pura
374 3015 405 3064 et
427 3007 606 3084 incorrupta
630 3006 853 3065 consuetudine
880 3005 1067 3066 emendavit.

76 3097 185 3180 ltaque,
211 3123 281 3162 cum
313 3102 350 3161 ad
380 3103 459 3161 hanc
485 3103 667 3181 elegantiam
697 3104 860 3161 verborum
889 3102 1069 3161 Latinorum

23 3185 25 3234 ἶ
74 3214 147 3272 quae,
170 3201 288 3259 etiamsi
307 3207 411 3258 orator
430 3221 492 3257 non
513 3201 555 3258 eis
572 3208 602 3258 et
623 3200 663 3258 sis
683 3200 836 3277 ingenuus
861 3199 937 3258 civis
958 3199 1071 3257 Roma-

75 3310 136 3365 nae,
168 3305 270 3356 tamen
300 3297 470 3355 necessaria
492 3303 548 3369 est,
575 3297 717 3376 adjungit
734 3296 785 3354 illa
818 3296 952 3354 oratoria
978 3316 1071 3354 orna-

74 3400 169 3452 menta
183 3394 316 3464 dicendi,
332 3401 397 3452 tum
413 3393 536 3451 videtur
552 3400 708 3471 tamquam
726 3392 845 3451 tabulas
871 3393 948 3451 bene
971 3393 1070 3472 pictas

74 3486 217 3549 collocare
247 3491 278 3548 in
303 3490 384 3547 bono
414 3490 541 3549 lumine.
565 3490 652 3548 Hanc
674 3490 869 3548 eumhabeat
883 3490 1070 3569 praecipuam

23 3627 24 3630 η
73 3577 202 3658 laudem,
217 3588 248 3645 in
274 3587 489 3645 communibus
517 3607 578 3670 non
607 3586 698 3645 video
729 3587 778 3645 cui
806 3585 917 3645 debeat
949 3586 1068 3646 cedere.

23 3691 26 3750 t
76 3674 104 3733 Si
117 3680 184 3739 loro
201 3691 320 3742 tantum
336 3689 486 3754 vacasset,
503 3703 565 3740 non
581 3682 658 3741 alius
679 3705 716 3740 ex
729 3683 842 3740 nostris
858 3691 964 3741 contra
985 3683 1070 3742 Cice-

73 3791 176 3836 ronem
201 3781 431 3852 nominaretur;
450 3786 537 3839 tanta
565 3779 596 3836 in
619 3799 654 3837 eo
678 3781 723 3837 vis
746 3787 803 3853 est,
823 3779 854 3838 id
868 3800 1006 3847 acumen,
1022 3800 1056 3838 ea

492 3920 649 3970 -265-
