2678 4250
242 177 351 232 rodem.
368 209 405 218 —
422 181 536 236 notras,
552 213 591 220 -
607 181 779 244 irooitnucn.
800 213 835 223 -
852 201 1012 238 onnrnuns
1036 215 1066 224 -
1084 182 1234 238 uudrnuns

303 304 406 365 Flecte
423 307 487 366 vias
509 305 577 377 hac,
601 331 661 389 qua
684 310 796 368 madidi
820 319 892 370 sunt
913 318 994 369 tecta
1019 311 1112 390 Lyaei.

342 401 380 461 Et
402 403 533 484 Cybeles
555 406 638 485 picto
661 414 721 464 stat
742 407 919 486 Corybante
941 415 1037 467 torus.

187 520 219 570 κ
303 498 447 559 Protinus
468 522 484 560 a
507 501 583 561 laeva
606 503 679 562 clari
702 503 757 562 sub
781 503 881 562 fronte
902 513 1040 582 penates⁸

340 598 487 676 Atriaque
510 600 637 658 excelsae
660 609 732 658 sunt
754 601 894 660 adeunda
917 600 1038 660 domus.

302 693 390 752 Hanc
416 703 507 773 pete;
538 717 575 754 ne
602 705 720 755 metuas
742 697 838 757 fastus
864 696 1019 777 limenque
1046 697 1213 776 superbum
1238 717 1247 758 ε

340 790 429 850 Nulla
452 793 547 870 magis
570 801 636 852 toto
654 793 749 874 janua
771 787 858 874 poste
880 802 975 874 patet,

320 887 384 945 Nec
406 890 532 967 propior
552 911 644 969 quam
667 890 809 950 Phoebus
831 898 912 950 amet
929 891 1099 970 doctaeque
1112 911 1247 951 sorores.

339 983 371 1041 Si
392 985 475 1044 dicet
496 1004 505 1068 ς
530 1011 544 1040 a
566 986 667 1053 Quare
689 1008 751 1046 non
775 995 877 1046 tamen
899 988 965 1066 ipse
982 989 1092 1047 venit?
1109 1013 1122 1042 n

300 1079 350 1138 Sic
371 1081 444 1140 licet
465 1102 593 1142 excuses
617 1102 624 1142 :
649 1105 663 1139 (ι
688 1084 765 1151 Quia
788 1085 1023 1164 qualiacumque
1045 1084 1190 1161 leguntur

341 1176 412 1250 Ista,
437 1178 587 1242 salutator
607 1180 741 1240 scribere
763 1201 825 1238 non
846 1180 959 1261 potuit.
985 1204 999 1235 »

336 1431 420 1493 342.
441 1431 553 1492 Ovtde
574 1449 615 1493 se
636 1433 785 1505 resigna
806 1437 830 1493 a
848 1437 985 1494 mourir
1004 1449 1049 1494 en
1068 1436 1153 1520 extl.

242 1534 384 1615 (Ovidius
416 1559 516 1621 aequo
538 1539 642 1600 auimo
664 1540 728 1620 sert
749 1561 813 1600 sese
837 1541 869 1599 in
891 1540 1004 1600 exsilio
1026 1539 1248 1622 moriturum.)

171 1699 211 1764 3⁰
298 1704 398 1764 Verba
420 1707 496 1765 mihi
519 1708 631 1767 desunt
652 1709 757 1767 eadem
784 1714 844 1767 tam
867 1706 956 1787 saepe
978 1708 1110 1784 roganti,

338 1800 468 1882 Jamque
490 1805 586 1884 pudet
607 1826 702 1864 vanas
724 1806 784 1863 fine
806 1825 909 1864 carere
931 1823 1046 1882 preces

298 1898 379 1977 Ergo
401 1909 538 1959 mutetur
559 1901 666 1980 scripti
688 1902 839 1961 sententia
863 1901 970 1970 nostri,

338 1996 383 2054 Ne
406 1999 497 2056 toties
519 2006 638 2069 contra,
662 2019 751 2078 quam
774 1999 854 2077 rapit
876 1997 984 2070 amnis
1009 2018 1085 2056 eam.

297 2092 384 2161 Quod
408 2093 485 2152 bene
507 2095 545 2153 de
571 2095 659 2153 vobis
682 2095 815 2174 speravi,
839 2095 1001 2172 ignoscite,
1026 2093 1139 2153 amici:

334 2188 419 2249 Talia
442 2191 587 2270 peccandi
605 2191 669 2271 jam
692 2191 767 2249 mihi
789 2192 858 2250 finis
880 2192 949 2250 erit.

298 2287 445 2346 Venimus
467 2289 499 2345 in
522 2288 647 2348 Geticos
668 2289 745 2346 fines
765 2307 771 2347 :
793 2289 962 2347 moriamur
984 2289 1014 2347 in
1037 2287 1113 2356 illis;

331 2384 487 2464 Parcaque
509 2385 546 2443 ad
569 2392 752 2458 extremum,
776 2406 836 2465 qua
858 2406 925 2444 mea
946 2385 1051 2466 coepit,
1075 2391 1135 2445 eat.

296 2482 388 2559 Spem
407 2481 496 2560 juvet
518 2481 660 2560 amplecti
683 2502 761 2561 quae
783 2503 845 2540 non
869 2482 959 2561 juvat
989 2481 1074 2539 irrita
1096 2502 1248 2562 semper3

335 2577 374 2636 Et
395 2579 458 2636 lieri
481 2578 598 2658 cupias,
622 2579 646 2636 si
669 2600 728 2658 qua
751 2579 855 2637 futura
875 2586 976 2657 putes.

296 2674 359 2735 Cur
380 2694 436 2752 ego
458 2675 585 2754 concepi
621 2675 773 2754 Scythicis
795 2695 844 2734 me
866 2695 955 2753 posse
977 2694 1079 2733 carere

336 2771 462 2830 Finibus
485 2778 515 2830 et
537 2779 618 2830 terra
640 2773 833 2850 prosperiore
856 2771 942 2832 frui?

295 2867 359 2928 Cur
379 2868 495 2947 aliquid
517 2867 555 2927 de
577 2888 625 2926 me
648 2869 768 2947 speravi
790 2869 888 2927 lenius
911 2867 1078 2946 umquam?

335 2967 383 3024 An
406 2965 542 3024 Fortuna
565 2965 641 3036 mihi
663 2966 705 3024 sic
728 2987 794 3024 mea
817 2973 889 3023 nota
911 2965 993 3024 fuit?

211 3130 215 3135 p
295 3061 454 3141 Torqueor
475 3083 514 3120 en
535 3063 658 3141 gravius
683 3082 688 3122 :
713 3063 903 3143 repetitaque
925 3062 1022 3120 forma
1044 3060 1187 3120 locorum

335 3159 484 3218 Exsilium
507 3168 637 3219 renovat
658 3161 755 3232 triste,
779 3179 946 3238 recensque
967 3157 1051 3216 lacit.

296 3257 350 3316 Est
370 3264 473 3316 tamen
496 3256 613 3328 utilius,
637 3257 774 3315 studium
793 3276 926 3315 cessasse
948 3273 1098 3325 meorum,

336 3353 434 3420 Quam
457 3374 532 3435 quas
555 3354 711 3413 admorint
733 3375 794 3411 non
817 3352 950 3410 valuisse
972 3371 1090 3430 preces,

296 3450 408 3528 Magna
430 3449 554 3529 quidem
577 3471 624 3508 res
646 3459 701 3521 est,
726 3470 816 3529 quam
839 3470 901 3507 non
923 3448 1052 3517 audetis,
1071 3446 1163 3504 amici
1195 3469 1199 3504 .·

334 3547 393 3606 Sed
415 3547 440 3604 si
462 3546 530 3626 quis
552 3554 680 3625 peteret,
705 3547 756 3625 qui
779 3546 851 3604 dare
873 3545 977 3616 vellet,
1000 3551 1075 3602 erat.

295 3642 471 3703 Dummodo
493 3665 556 3702 uon
577 3644 665 3702 vobis
687 3644 745 3702 hoc
768 3643 905 3702 Caesaris
928 3642 972 3700 ira
995 3640 1124 3718 negarit,

335 3740 469 3799 Fortiter
490 3741 616 3800 Euxinis
638 3742 848 3800 immoriemur
869 3739 966 3820 aquis.

657 3919 813 3968 -240-
