2682 4258
512 153 636 192 nonam.
658 167 697 178 -··
718 153 901 192 PHILOSOPHIE

464 474 549 535 463.
570 477 706 534 Misere
721 479 765 534 de
785 477 961 536 l’liomme.

398 658 535 742 (Quanta
555 659 597 721 sit
617 660 779 720 hominum
802 660 1025 742 imbecillitas.)

146 995 201 1054 Rh.
256 994 399 1054 Hominis
424 1015 514 1055 causa
542 995 666 1054 videtur
690 1004 801 1071 cuncta
830 996 888 1058 alia
918 996 1059 1075 genuisse
1088 1003 1213 1073 natura,

216 1113 326 1170 magna
341 1113 422 1152 saeva
434 1093 573 1152 mercede
596 1100 702 1152 contra
717 1101 801 1153 tanta
817 1113 871 1153 sua
892 1115 1030 1166 munera,
1046 1100 1080 1152 ut
1095 1113 1158 1152 non
1173 1093 1216 1153 sit

214 1189 287 1248 satis
316 1189 466 1248 aestimare
484 1211 593 1269 parens
618 1191 726 1248 melior
746 1189 862 1249 homini
884 1187 922 1249 an
939 1179 1066 1250 tristior'
1079 1211 1215 1249 noverca

214 1285 318 1344 fuerit.
337 1285 499 1344 Hominem
523 1294 643 1345 tantum
660 1286 789 1360 nudum,
803 1295 834 1346 et
849 1287 880 1345 in
896 1287 978 1368 nuda
995 1288 1100 1358 hume,
1117 1287 1215 1346 natali

214 1383 264 1441 die
279 1382 384 1463 abjicit
401 1383 443 1442 ad‘
463 1385 584 1460 vagitus
607 1385 710 1442 statim
732 1393 763 1442 et
782 1383 948 1463 ploratum,
970 1383 1152 1462 nullumque
1167 1391 1218 1444 tot

215 1479 393 1538 animalium
419 1481 500 1539 aliud
526 1481 563 1539 ad
585 1480 737 1554 lacrimas,
763 1489 794 1539 et
813 1480 867 1538 has
883 1481 1026 1559 protinus
1041 1481 1114 1539 vitae
1129 1481 1217 1559 prin-

215 1576 306 1656 cipio.
324 1580 374 1647 At,
399 1577 549 1648 hercules,
567 1579 657 1648 risus,
676 1597 799 1655 praecox
813 1577 863 1634 ille
882 1585 910 1635 et
930 1577 1119 1650 celerrimuS,
1143 1586 1218 1642 ante

216 1672 482 1753 quadragesimum
498 1674 578 1732 diem
595 1673 671 1732 nulli
684 1673 785 1733 datur.
803 1673 851 1732 Ab
861 1674 920 1732 hoc
934 1674 1011 1732 lucis
1026 1674 1216 1748 rudimento,

217 1791 285 1851 quae
302 1790 339 1828 ne
356 1770 434 1828 feras
446 1771 570 1850 quidem
586 1772 666 1829 inter
688 1791 744 1828 nos
764 1770 881 1848 genitas
903 1769 1027 1830 vincula
1041 1771 1217 1849 excipiunt,

217 1874 247 1924 et
259 1867 396 1924 omnium
408 1867 615 1926 membrorum
630 1887 726 1925 nexus
740 1885 746 1926 :
762 1867 864 1946 itaque
876 1867 1007 1925 feliciter
1019 1873 1110 1925 natus
1120 1867 1217 1946 jacet,

217 1963 358 2021 manibus
374 1963 566 2042 pedibusque
579 1963 741 2036 devinctis,
759 1963 848 2035 flens,
866 1963 978 2022 animal
994 1963 1103 2022 ceteris
1120 1963 1220 2044 impe-

217 2060 621 2140 raturum3etasuppliciis
648 2061 743 2118 vitam
770 2060 957 2140 auspicatur,
982 2081 1073 2118 unam
1097 2067 1219 2118 tantum

218 2156 257 2215 ob
273 2155 406 2235 culpam,
424 2158 496 2236 quia
512 2165 618 2216 natum
635 2165 692 2216 est.
711 2158 798 2216 Heu!
816 2157 1001 2215 dementiam
1012 2156 1105 2234 abhis
1121 2157 1221 2215 initiis

219 2254 460 2312 existimantium
484 2253 521 2312 ad
550 2253 725 2332 superbiam
745 2274 777 2311 se
801 2255 939 2330 genitos!
968 2254 1070 2312 Prima
1098 2252 1221 2312 roboris

220 2371 290 2429 spes
319 2349 513 2430 primumque
542 2350 690 2429 temporis
722 2371 834 2408 munus
863 2349 1054 2430 quadrupedi
1088 2349 1221 2408 similem

219 2447 302 2506 facit.
321 2446 449 2513 Quando
467 2447 582 2504 homini
612 2448 772 2505 incessus‘l
789 2446 912 2526 quando
937 2467 996 2505 vox
1007 2448 1021 2505 ‘l
1032 2445 1156 2525 quando
1168 2447 1223 2504 fir-

219 2565 303 2603 mum
325 2543 402 2602 cibis
420 2545 474 2602 os?
494 2544 641 2623 quamdiu
666 2543 820 2623 palpitans
849 2551 966 2616 vertex,
991 2563 1117 2602 summae
1139 2543 1224 2602 inter

186 2689 189 2695 ,
220 2648 331 2700 cuncta
342 2641 483 2698 animalia
492 2641 709 2699 imbecillitatis
726 2641 969 2699 indicium‘llam
984 2638 1094 2714 morbi,
1111 2647 1224 2718 totque

190 2803 192 2807 ,
220 2737 380 2797 medicinae
396 2745 502 2796 contra
518 2737 596 2795 mala
619 2738 811 2815 excogitatae,
836 2745 866 2795 et
885 2737 932 2795 hae
952 2756 1074 2815 quoque
1090 2735 1224 2796 subinde

221 2835 410 2894 novitatibus
423 2836 522 2893 victae.
541 2834 647 2892 Cetera
665 2835 777 2891 sentire
798 2843 937 2893 naturam
959 2851 1061 2905 suam;
1078 2832 1136 2915 alia
1151 2853 1225 2915 per-

222 2933 378 2992 nicitatem
407 2952 566 3010 usurpare,
596 2931 653 2988 alia
683 2938 834 3009 praepetes
860 2930 992 2998 volatuS,
1023 2929 1082 2988 alia
1109 2949 1184 2988 nare
1215 2949 1223 2990 z

222 3029 377 3088 hominem
394 3030 471 3086 scire
487 3027 561 3085 nihil
578 3029 643 3085 sine
658 3027 808 3096 doctrina,
832 3047 893 3084 non
909 3026 978 3098 fari,
1008 3046 1071 3084 non
1088 3026 1223 3102 ingredi,

224 3147 285 3185 non
309 3125 402 3194 vesci,
424 3125 618 3203 breviterque
647 3145 709 3181 non
740 3123 823 3181 aliud
846 3130 962 3181 naturae
990 3131 1101 3202 sponte
1129 3143 1225 3201 quam
1311 3139 1316 3160 ’

222 3224 312 3282 llere!
333 3222 391 3280 Uni
406 3222 606 3280 animantium
623 3221 723 3298 luctus
746 3228 792 3278 est
811 3218 911 3290 datuS,
936 3220 990 3278 uni
1009 3219 1145 3287 luxuria,
1169 3221 1226 3278 uni

223 3321 370 3378 immensa
388 3318 511 3377 vivendi
526 3317 649 3396 cupido.
673 3317 755 3374 Nulli
779 3317 838 3374 vita
859 3315 1009 3393 fragilior,
1028 3315 1106 3374 nulli
1121 3337 1225 3376 reruni

224 3417 362 3474 omnium
378 3415 475 3473 libido.
486 3416 594 3494 major,
617 3413 694 3471 nulli
714 3433 811 3492 pavor
831 3413 999 3483 confusior,
1025 3411 1101 3470 nulli
1123 3412 1226 3474 rabies

224 3513 333 3572 acrior.
357 3512 482 3570 Miseret
503 3519 593 3590 atque
613 3511 703 3568 etiam
729 3509 825 3588 pudet
848 3511 1060 3568 aestimantem
1076 3530 1169 3590 quam
1185 3511 1227 3570 sit

226 3609 334 3669 frivola
350 3609 527 3667 animalium
546 3607 758 3687 superbissimi
773 3607 873 3685 orig0.

650 3841 853 3924 —3369
