2678 4250
306 210 498 249 sanun-aare.
521 223 561 234 -
581 193 731 250 uenrcms.
755 225 792 236 -
813 211 954 251 nvocnrs.
977 195 1016 234 ὲ
1038 210 1225 249 raouassnuns

352 592 438 689 301.
457 631 529 688 Les
549 634 691 703 grands
709 633 866 690 mettres
886 633 929 690 de
948 633 989 690 le
1006 632 1185 702 peinture.

155 837 157 842 Ι
218 841 219 844 ¹
271 759 348 840 (Qui
372 759 494 844 suerint
519 760 606 846 apud
627 761 750 824 Graecoe
774 762 910 844 pictores
932 762 1167 844 sculptoresque
1185 779 1259 844 pra-

356 873 358 876 ’
715 858 827 942 cipni.)

205 1140 260 1197 ah.
312 1141 407 1200 Primi
433 1142 506 1202 clari
526 1142 660 1245 pictores
681 1142 777 1203 fuisse
798 1142 944 1202 dicuntur
966 1142 1157 1224 Polygnotus
1176 1148 1260 1220 atque

271 1238 465 1318 Aglaophon,
479 1259 609 1319 quorum
625 1239 754 1319 simplex
769 1239 855 1299 color
868 1247 931 1299 tam
946 1239 991 1299 sui
1006 1239 1160 1299 studiosos
1170 1237 1260 1298 adhue

271 1334 375 1409 habet,
392 1341 427 1394 ut
441 1334 492 1395 illa
508 1356 604 1415 prope
621 1336 708 1395 rudia
731 1355 766 1395 ae
786 1336 873 1396 velut
893 1336 1006 1395 futurae
1027 1355 1098 1394 mox
1119 1332 1192 1394 artis
1207 1331 1260 1412 pri·

272 1431 389 1491 mordia
403 1432 554 1506 maximio,
570 1433 622 1513 qni
644 1439 713 1512 post
733 1453 785 1492 eos
798 1433 991 1505 exstiterunt,
1005 1431 1182 1492 auctoribus
1191 1449 1261 1510 prae-

272 1527 382 1599 ferant,
403 1529 529 1608 proprio
546 1529 680 1608 quodam
702 1529 900 1608 intellegendi
923 1529 969 1607 (ut
989 1549 1057 1587 mea
1074 1529 1134 1586 fert
1152 1524 1260 1606 opinio)

271 1621 399 1684 ambitu.
434 1623 509 1682 Post
539 1624 648 1683 Zeuxis
675 1631 768 1706 atque
800 1625 979 1684 Parrhasius
1013 1624 1180 1704 plurimum
1211 1617 1260 1679 arti

271 1719 466 1779 addiderunt.
487 1720 623 1788 Quorum
646 1722 732 1802 prior
754 1720 905 1780 luminum
928 1721 1166 1799 umbrarumque
1187 1719 1261 1780 inve·

273 1816 353 1875 nisse
376 1817 537 1888 rationem‚
556 1819 709 1877 secundus
728 1818 917 1878 examinasse
936 1818 1080 1877 subtilius
1099 1816 1195 1876 lineas
1209 1821 1261 1872 tra-

273 1913 366 1973 ditur.
404 1913 482 1973 Nam
517 1915 625 1974 Zeuxis
660 1914 730 1995 plus
764 1914 909 1973 membris
944 1914 1082 1995 corporis
1110 1913 1205 1984 dedit,
1235 1907 1259 1966 id

272 2010 403 2090 amplius
431 2018 523 2092 atque
556 2013 716 2090 augustius
754 2019 849 2085 ratus,
886 2018 979 2092 atque
1007 2011 1055 2090 (ut
1082 2003 1261 2082 existimant)

272 2107 442 2166 Homerum
469 2114 602 2178 secutus,
624 2109 673 2167 cui
697 2108 882 2168 validissima
902 2128 1032 2188 quaeque
1060 2108 1159 2166 forma
1178 2105 1261 2165 etiam

271 2204 302 2262 in
325 2203 447 2262 seminis
470 2204 580 2284 placet.
605 2205 659 2264 Ille
680 2226 752 2265 vero
772 2205 815 2264 ita
836 2205 1077 2284 circumscripsit
1097 2203 1210 2274 omnia,
1233 2205 1264 2257 ut

271 2291 341 2359 eum
369 2300 599 2378 legumlatorem
626 2308 749 2373 vocent,
778 2301 848 2382 quia
874 2301 1001 2360 deorum
1022 2307 1115 2382 atque
1143 2299 1262 2358 heroum

272 2396 398 2474 effigies,
426 2397 530 2476 quales
554 2398 592 2457 ab
605 2418 647 2457 eo
665 2405 738 2457 sunt
759 2398 891 2471 traditae,
915 2397 1018 2470 ceteri,
1048 2403 1204 2476 tamquam
1226 2394 1262 2451 ita

167 2535 169 2538 -
273 2493 455 2565 necassent,
468 2501 650 2575 sequuntur.
668 2495 854 2554 Floruerunt
871 2502 974 2554 autem
994 2494 1075 2554 circa
1094 2493 1262 2572 Philippum

268 2576 1267 2664 atqueAlexandrumcuraProtogenespraestantissimns‚ingenio

157 2760 159 2766 ἲ
268 2689 300 2740 et
324 2681 422 2759 gratia
438 2683 575 2764 Apelles,
599 2682 635 2738 ln
657 2681 768 2740 statuis
789 2701 874 2751 vero,
899 2699 1085 2759 quamquam
1106 2673 1266 2752 diligentiae

143 2801 157 2856 ¹.'
267 2774 1265 2858 aedecoriscausaPolycletoaplerisquetribuiturpalma‚tamen,

272 2877 378 2936 deesse
410 2875 531 2956 pondus
559 2881 680 2955 putant.
706 2873 785 2934 Nam
809 2877 845 2932 ut
874 2871 1018 2931 humanae
1049 2869 1157 2930 formae
1182 2867 1263 2926 deco·

273 2995 337 3034 rem
356 2972 510 3032 addiderit¹
533 2992 625 3051 supra
648 2991 766 3044 verum,
790 2969 834 3029 ita
857 2987 921 3028 uon
947 2966 1120 3047 explevisse
1144 2965 1265 3023 deorum

273 3070 488 3131 auctoritatem
505 3067 637 3127 videtur.
654 3071 696 3127 At
705 3087 774 3147 quae
788 3063 945 3146 Polycleto
963 3063 1139 3135 defuerunt,
1155 3058 1266 3119 Phidiae

273 3176 366 3250 atque
389 3165 548 3225 Alcameni
565 3164 687 3224 dantur.
711 3163 835 3222 Phidias
854 3168 958 3222 tamen
978 3159 1038 3219 diis
1060 3179 1152 3240 quam
1175 3153 1267 3215 homi-

274 3265 364 3323 nihus
390 3261 557 3322 efficiendis
583 3260 693 3320 melior
716 3259 827 3320 artilex
855 3257 997 3331 traditur,
1026 3256 1056 3315 in
1080 3255 1172 3315 ebore
1197 3270 1267 3311 vero

274 3361 365 3437 longe
384 3359 459 3418 citra
481 3357 636 3429 aemulum,
657 3355 707 3414 vel
727 3357 752 3416 si
777 3356 854 3416 nihil
874 3354 934 3414 nisi
950 3355 1122 3413 Minervam
1143 3347 1269 3410 Athenis

275 3464 327 3516 aut
345 3455 522 3535 Olympium
536 3454 567 3512 in
583 3453 669 3512 Elide
688 3451 797 3512 lovem
819 3451 952 3525 fecisset,
971 3449 1060 3530 cujus
1076 3444 1269 3529 pulchritudo

274 3553 422 3632 adjecisse
443 3550 558 3633 aliquid
585 3551 677 3617 etiam
702 3556 833 3628 receptae
857 3546 998 3627 religioni
1020 3545 1170 3606 videtur:
1196 3542 1271 3602 adeo

275 3649 419 3728 majestas
434 3648 534 3727 operis
549 3648 641 3706 deum
656 3646 800 3727 aequavit.
818 3644 867 3704 Ad
879 3645 1040 3703 veritatem
1053 3641 1221 3723 Lysippum
1238 3657 1271 3696 ac

276 3743 450 3805 Praxitelen
476 3744 638 3802 accessisse
652 3743 767 3824 optime
784 3742 947 3802 assirmant.

696 3932 853 3983 -212-
