2682 4258
457 226 466 245 ,
560 197 683 236 uomitu.
708 211 744 221 -·
767 197 951 235 Pttltosoeulu

276 677 363 737 465.
378 677 434 735 La
448 679 574 736 courte
590 667 702 735 duree
716 679 760 734 de
773 678 813 734 la
826 677 886 734 vie
899 690 990 745 nous
1003 673 1138 733 defend
1151 675 1208 732 les

521 792 526 801 ·
601 766 709 836 longa
726 766 881 834 espoirs.

240 945 334 1026 (Vite
355 967 477 1008 summa
498 944 601 1006 brevis
624 968 710 1028 apem
732 967 787 1006 nos
813 952 895 1022 vetat
917 945 1063 1006 inchoare
1087 943 1244 1027 tanqam.)

176 1201 216 1268 2·
281 1206 389 1268 Omnis
408 1207 484 1275 dice,
509 1205 609 1266 omnis
630 1205 705 1266 hora
728 1229 818 1288 quam
844 1207 921 1266 nihil
943 1208 1038 1266 simus
1059 1204 1194 1264 ostendit
1215 1212 1245 1264 et

241 1305 344 1384 aliquo
356 1312 538 1382 argumento
553 1305 669 1364 recenti
686 1305 831 1364 admonet
841 1305 1016 1382 ‘fragilitatis
1029 1302 1143 1361 oblitos
1157 1320 1164 1362 :
1178 1308 1247 1361 tum

150 1426 160 1458 ο
241 1408 364 1461 aeterna
388 1401 553 1460 meditatos
576 1402 729 1480 respicere
752 1402 835 1479 cogit
858 1401 895 1460 ad
918 1407 1060 1459 mortem.
1084 1399 1173 1466 Quid.
1188 1398 1247 1457 sibi

242 1497 326 1556 istud
351 1498 537 1578 principium
562 1498 637 1556 velit
660 1498 807 1577 quaeris?
831 1498 1030 1556 Senecionem
1053 1494 1247 1568 Cornelium,

242 1595 376 1674 equitem
392 1595 566 1658 Romanum
584 1594 778 1674 splendidum
790 1602 820 1652 et
836 1595 1017 1662 officiosum,
1035 1613 1165 1650 noveras
1183 1611 1190 1652 ε
1209 1613 1248 1651 ex

242 1692 327 1750 tenui
344 1692 497 1772 principio
513 1692 623 1770 seipse
641 1699 836 1770 promoverat
850 1691 955 1770 etjam
977 1691 1022 1748 illi
1042 1689 1169 1747 declivis
1182 1696 1249 1748 erat

239 1809 348 1859 cursus
361 1788 398 1846 ad
414 1796 526 1847 cetera.
542 1788 673 1846 Facilius
689 1788 770 1846 enim
786 1788 895 1846 crescit
910 1787 1044 1864 dignitas
1059 1806 1155 1866 quam·
1169 1785 1250 1845 inci·

241 1885 297 1964 pit.
316 1885 448 1946 Pecunia
470 1899 593 1964 quoque
615 1885 694 1944 circa
717 1891 931 1964 paupertatem
955 1884 1122 1963 plurimum
1141 1903 1249 1942 morae
1324 1889 1325 1950 l

241 1981 344 2053 habet,
358 1981 432 2041 dum
446 2003 482 2042 ex
495 1981 546 2040 illa
560 1988 676 2059 erepat.
695 1982 754 2039 Hic
766 1981 856 2040 etiam
870 1981 1001 2039 Senecio
1013 1979 1131 2038 divitiis
1146 1980 1250 2038 immi-
1324 1965 1325 1990 ³

240 2078 343 2150 nebat,
361 2079 398 2137 ad
420 2099 496 2158 quas
516 2078 602 2137 illum
618 2078 700 2136 duae
722 2100 769 2136 res
789 2078 943 2136 ducebant
960 2077 1203 2146 efficacissimae,
1219 2083 1251 2136 et
1324 2073 1325 2132 i

240 2175 414 2254 quaerendi
432 2183 463 2233 et
477 2174 672 2233 custodiendi
688 2175 825 2246 scientia,
840 2195 972 2254 quarum
988 2173 1035 2232 vel
1052 2173 1145 2232 altera
1161 2173 1251 2232 locu·
1324 2185 1325 2200 ²

242 2272 356 2351 pletem
382 2271 483 2330 lacere
506 2272 667 2350 potuisset.
694 2271 753 2328 Hic
775 2271 867 2330 homo
891 2290 1028 2328 summae
1049 2270 1249 2347 frugalitatis,

242 2389 306 2427 non
320 2368 423 2428 minus
441 2367 618 2447 patrimonii
638 2389 728 2446 quam
749 2367 887 2447 corporis
907 2367 1048 2445 diligens,
1063 2387 1133 2425 cum
1147 2387 1198 2425 me
1213 2389 1252 2426 ex
1324 2381 1325 2384 ’

242 2464 468 2522 consuetudine
492 2485 580 2522 mane
603 2464 740 2534 vidisset,
760 2485 829 2522 cum
850 2484 905 2542 per
925 2471 1023 2522 totum
1047 2463 1126 2522 diem
1149 2465 1251 2522 amico

242 2561 379 2640 graviter
394 2561 517 2620 adfecto
531 2569 562 2620 et
574 2561 639 2619 sine
659 2581 712 2640 spe
729 2561 846 2640 jacenti
862 2581 959 2640 usque
975 2561 1004 2618 in
1023 2567 1144 2618 noctem
1161 2561 1252 2619 adse·
1324 2621 1325 2632 ,

242 2659 348 2728 disset,
367 2678 437 2715 cum
455 2656 561 2716 hilaris
576 2664 715 2715 cenasset
733 2676 865 2734 :genere
885 2656 1073 2716 valetudinis
1087 2658 1252 2736 praecipiti
1324 2635 1325 2676 t

241 2763 392 2834 arreptae,
412 2755 538 2837 angina,
564 2755 616 2812 vix
637 2773 848 2832 compressum
869 2755 974 2812 artatis
999 2752 1139 2811 faucibus
1160 2755 1253 2832 spiri·
1324 2809 1325 2830 ,

240 2861 307 2912 tum
322 2851 414 2910 traxit
428 2852 460 2909 in
476 2851 590 2910 lucem.
616 2851 699 2909 lutra
720 2851 918 2930 paucissimas
937 2859 1010 2926 erg‘o
1030 2849 1132 2921 horas,
1156 2871 1253 2930 quam

238 2947 385 3013 omnibus
401 2948 542 3006 eratsani
559 2967 595 3006 ac
611 2947 742 3006 valentis
753 2947 861 3005 officiis
873 2948 1008 3015 functus,
1021 2945 1164 3007 decessit.
1182 2947 1250 3021 llle,
1324 2961 1325 3018 t

240 3047 296 3126 qui
320 3052 351 3104 et
375 3044 451 3104 mari
474 3051 504 3102 et
527 3052 610 3102 terra
630 3044 791 3123 pecuniam
816 3042 963 3121 agitabat,
991 3043 1044 3123 qui
1066 3042 1103 3102 ad
1125 3042 1254 3121 publica

240 3163 365 3222 quoque
396 3141 515 3200 nullum
544 3141 725 3219 relinquens
756 3141 949 3219 inexpertum
978 3160 1075 3218 genus
1103 3149 1253 3219 quaestus
1324 3131 1325 3180 l

241 3245 413 3309 accesserat
435 3238 467 3296 in
494 3237 562 3317 ipso
585 3245 658 3296 actu
680 3237 758 3295 bene
781 3235 956 3296 cedentium
981 3256 1094 3309 rerum,
1124 3237 1156 3294 in
1182 3238 1253 3318 ipso
1324 3225 1325 3238 ἵ

243 3336 452 3416 procurrentis
467 3333 616 3416 pecuniae
631 3335 754 3414 impetu
771 3342 877 3414 raptus
890 3341 937 3392 est
952 3353 960 3394 ε

318 3434 421 3491 lusere
443 3453 538 3504 nunc,
563 3430 731 3504 Meliboee,
751 3432 845 3511 piros,
869 3451 949 3512 pone
970 3430 1078 3490 ordine
1098 3431 1192 3493 vites.

243 3529 343 3596 Quam
369 3529 498 3588 stultum
521 3534 567 3588 est
584 3535 720 3588 aetatem
736 3528 900 3607 disponere
920 3547 958 3586 ne
979 3527 1111 3587 crastini
1123 3530 1252 3610 quidem

243 3625 424 3686 dominuml
