2670 4252
346 169 382 204 ta
402 169 531 208 cantatu.
553 181 593 192 ·-
614 169 662 206 LES
683 168 820 206 ENFANTS.
843 181 882 192 -
903 169 951 206 Las
973 169 1099 206 PARENTS

262 270 293 328 Si
315 270 394 329 mala
419 289 426 331 :
451 270 489 329 ad
511 272 686 351 exemplum
709 278 743 330 tu
765 270 841 329 milri
863 291 984 350 semper
1005 270 1089 333 ades

221 365 267 424 Tu
289 367 365 424 mihi
386 387 460 426 crux
483 368 521 426 ab
543 374 672 447 utraque
694 368 803 426 venis:
821 367 886 425 sive
908 374 954 425 est
975 367 1065 441 mala,
1084 367 1168 445 quod
1190 373 1224 426 tu

262 463 426 524 Dissimilis
448 465 563 535 lueris;
588 485 641 524 seu
664 466 755 537 bona,
779 464 863 544 quod
886 463 1005 523 similis

222 559 291 620 Non
313 581 369 640 ego
391 582 465 642 opes
487 583 597 635 cassas,
621 569 652 620 et
672 561 774 620 inania
797 560 907 638 gaudia
930 560 1055 640 plango,

212 727 216 733 Ι
261 657 321 716 Sed
339 659 464 737 juvenis
483 659 589 726 juveni
613 658 696 738 quod
719 657 793 715 mihi
816 665 902 736 rapta
925 657 1002 729 vir0,

152 741 154 744 ¹
221 753 296 820 Quae
319 753 410 813 modo
432 763 577 834 septenos
599 762 710 835 quater
731 755 893 834 impletura
917 753 1105 826 decembreS,

261 851 392 930 Liquisti
414 860 512 924 natos
537 852 667 930 pignora
690 859 804 918 nostra,
829 851 918 910 duos

223 947 291 1020 llla,
314 948 420 1007 favore
441 948 501 1019 dei,
526 948 606 1007 sicut
627 956 679 1006 tua
701 957 773 1006 vota
796 947 931 1020 luerunt,

262 1044 398 1117 Florem,
423 1046 538 1124 optatis
560 1045 751 1118 accumulata
778 1046 878 1104 bonis

222 1141 261 1200 Et
284 1162 394 1221 precor
416 1149 451 1200 ut
471 1143 606 1218 vigeant,
635 1143 834 1222 tandemque,
859 1142 1024 1221 superstite
1047 1148 1192 1221 utroque,

262 1238 392 1298 Nuntiet
413 1239 473 1297 hoc
494 1240 589 1297 cineri
612 1248 715 1297 nostra
738 1239 842 1298 saville
865 1247 930 1297 tuo,

220 1451 253 1508 8.
275 1451 331 1506 Un
348 1451 476 1507 consul
485 1450 628 1507 romain
647 1463 688 1506 se
708 1452 855 1508 console
876 1451 919 1506 de
934 1433 974 1507 la
986 1450 1081 1506 mort
1101 1450 1227 1506 deses

278 1537 429 1593 enfants
448 1551 519 1607 par
538 1538 595 1595 les
614 1538 792 1595 victoires
812 1538 912 1595 dela
930 1535 1166 1606 Re'puhnque.

221 1639 353 1722 (Consul
369 1641 537 1723 proprium
560 1643 678 1701 luctum
694 1641 826 1724 publica
841 1641 993 1723 felicitate
1014 1641 1223 1721 consolatur.)

156 1799 195 1864 2⁶
261 1825 276 1856 «
294 1800 443 1860 Civitates
459 1822 564 1860 omncs
578 1801 778 1860 Macedoniae
793 1801 868 1858 mihi
886 1821 917 1859 se
932 1799 1133 1875 dediderunt;
1152 1821 1223 1877 gaza

91 1885 92 1888 Ἴ
219 1898 303 1976 regia
319 1899 350 1956 in
366 1906 548 1977 potestatem
565 1899 665 1970 venit,
683 1919 736 1956 rex
751 1899 816 1976 ipse
834 1918 903 1978 cum
920 1897 1024 1956 liberis
1038 1905 1085 1956 est
1104 1901 1224 1976 captus.

219 1993 298 2051 Tum
329 2014 403 2051 vero
426 1995 499 2051 mihi
531 1994 623 2051 nimia
648 1993 712 2073 jam
739 1993 861 2052 fortuna
894 2014 960 2052 mea
986 1992 1095 2066 videri,
1126 2012 1226 2070 eoque

220 2098 362 2169 suspecta
379 2111 454 2150 csse.
475 2091 569 2148 Maris
586 2091 837 2168 periculatimerc
851 2091 930 2168 coepi
948 2090 1076 2149 intanta
1092 2089 1224 2169 pecunia

220 2188 302 2264 regia
317 2188 347 2244 in
365 2188 483 2245 ltaliam
506 2186 697 2264 trajicienda,
722 2196 752 2245 et
771 2188 889 2246 victore
907 2188 1044 2245 exercitu
1068 2194 1227 2265 transpor-

220 2284 326 2344 tando.
344 2285 512 2362 Postquam
529 2284 630 2342 onmia
649 2267 784 2341 secundo
797 2285 922 2343 navium
938 2305 1029 2342 cursu
1052 2284 1084 2341 in
1105 2283 1226 2341 ltaliam

220 2389 440 2460 pervenerunt,
457 2402 557 2459 neque
570 2389 635 2438 erat
648 2380 731 2460 quod
745 2381 823 2439 ultra
840 2402 991 2459 precarer,
1012 2379 1089 2438 illud
1105 2379 1225 2459 optavi,

222 2484 344 2544 ut,cum
362 2498 398 2534 ex
418 2498 538 2534 suanno
560 2485 641 2535 retro
662 2477 743 2535 volvi
768 2476 891 2536 fortuna
913 2483 1103 2548 consuesset,
1126 2483 1227 2535 muta·
1326 2463 1327 2520 l

221 2574 336 2632 tionem
353 2574 419 2652 ejus
436 2574 545 2631 domus
569 2595 635 2632 mea
659 2575 867 2654 potiusquam
889 2573 1063 2654 respublica
1085 2573 1225 2632 sentiret.

222 2671 330 2750 ltaque
343 2671 519 2728 defunctam
536 2692 601 2728 esse
613 2671 768 2730 fortunam
785 2672 938 2750 publicam
954 2693 1019 2730 mea
1031 2678 1093 2730 tam
1109 2670 1227 2749 insigni

220 2767 394 2826 calamitate
405 2788 504 2845 sper0,
518 2769 599 2846 quod
612 2767 789 2848 triumphus
801 2789 896 2840 meus,
911 2769 1043 2827 velutad
1053 2768 1224 2827 ludibrium

220 2885 346 2923 casuum
362 2863 578 2937 humanorum,
590 2866 711 2923 duobus
725 2866 738 2923 l
740 2865 885 2923 oneribus
901 2866 1069 2923 liberorum
1086 2886 1226 2924 meorum
1325 2901 1326 2904 =

220 2967 267 3019 est
293 2962 493 3041 interpositus
524 2964 570 3034 Et,
599 2983 668 3020 cum
694 2983 751 3040 ego
775 2970 806 3021 et
833 2963 963 3021 Perseus
1002 2982 1085 3021 nunc
1110 2962 1228 3020 nobilia

220 3059 351 3118 maxime
378 3061 468 3118 sortis
499 3060 675 3118 mortalium
696 3059 835 3138 exempla
858 3067 1042 3138 spectemur,
1070 3058 1131 3131 ille,
1159 3059 1226 3138 qui,

219 3162 290 3215 ante
306 3177 337 3215 se
351 3157 490 3236 captivos
500 3158 641 3236 captivus
652 3157 717 3234 ipse
729 3156 800 3215 duci
819 3156 933 3214 liberos
948 3156 1038 3227 vidit,
1053 3156 1229 3214 incolumes

220 3260 322 3312 tamen
334 3276 386 3312 eos
399 3255 490 3313 habet
507 3273 513 3314 :
531 3275 588 3331 ego
607 3255 680 3333 ,qui
697 3254 735 3312 de
755 3254 808 3312 illo
828 3253 1029 3332 triumphavi,
1047 3253 1084 3310 ab
1098 3253 1229 3312 alterius

218 3350 327 3408 sunere
355 3351 408 3408 filii
430 3373 521 3409 curru
547 3352 578 3408 in
607 3351 794 3429 Capitolium
816 3359 934 3421 vectuS,
963 3351 1001 3409 ad
1028 3349 1157 3408 alterum
1188 3371 1227 3408 ex
1324 3383 1325 3402 ι

220 3447 376 3527 Capitolio
400 3469 494 3527 prope
513 3449 577 3527 jam
606 3449 812 3526 exspirantem
839 3448 926 3519 vcni;
949 3467 1049 3526 neque
1075 3467 1111 3505 ex
1136 3452 1224 3507 tanta

220 3545 315 3624 stirpe
331 3544 459 3602 liberum
473 3551 624 3622 superest,
642 3545 695 3623 qui
710 3546 743 3603 L.
760 3545 876 3602 AEmilii
895 3544 981 3602 Pauli
1000 3563 1114 3602 nomen
1131 3544 1223 3604 serat.

221 3640 281 3698 Sed
300 3640 379 3698 hanc
399 3640 515 3698 cladem
533 3640 644 3698 domus
668 3661 742 3698 meae
766 3649 866 3699 vestra
882 3641 1013 3699 solicitas
1037 3648 1067 3698 et
1085 3641 1224 3700 secunda

221 3736 345 3795 fortuna
356 3736 478 3815 publica
494 3738 705 3796 consolantur.
723 3761 736 3792 v

661 3897 780 3946 -6...
