2656 4258
275 201 357 258 179.
380 201 451 257 Sur
468 201 507 256 la
525 201 630 270 peine
650 202 716 258 des
735 199 954 270 parricides.

390 304 448 384 (De
464 303 700 386 parricidarum
719 306 836 386 poena.)

151 461 258 536 Solon,
300 476 387 525 cum',
405 447 647 540 interrogaretur
680 484 735 523 cur
770 445 896 522 nullum¹
927 465 1111 544 supplicium
1139 461 1179 526 3ο
1227 544 1229 550 Α

106 559 323 617 constituisset
343 559 374 618 in
394 579 464 617 eum
485 559 537 639 qui
555 560 713 639 parentem
734 569 881 630 necasset,
901 561 1061 641 respondit
1081 581 1112 620 se

109 655 142 712 id
166 655 319 714 neminem
342 654 494 715 facturum
516 662 651 734 putasse.
677 641 839 736 Sapienter
859 658 965 715 fecisse
987 657 1110 728 dicitur,

108 771 182 810 cum
214 751 252 810 de
273 773 310 811 eo
334 751 410 810 nihil
439 753 575 812 sanxerit
595 753 679 832 quod
710 761 799 812 antea
827 755 1022 812 commissum
1050 775 1111 812 non

107 853 187 919 erat,
213 869 251 906 ne
274 869 335 906 non
363 857 426 907 tam
455 848 619 928 prohibere
644 869 735 928 quam
758 849 922 908 admonere
943 851 1109 910 videretur.

108 943 235 1011 Quanto
260 946 356 1003 nostri
377 946 508 1025 majores
525 946 718 1025 sapientius?
736 947 789 1026 qui
808 966 876 1006 cum
899 946 1112 1024 intellegerent

105 1040 187 1100 nihil
218 1061 284 1100 esse
315 1050 377 1100 tam
409 1050 552 1100 sanctum
584 1042 667 1122 quod
704 1063 765 1101 non
791 1043 955 1122 aliquando
981 1044 1111 1102 violaret

106 1137 248 1211 audacia,
278 1138 464 1218 supplicium
490 1138 520 1196 in
548 1139 715 1220 parricidas
739 1139 892 1216 singulare
916 1140 1110 1216 excogitave-

105 1240 194 1304 runt,
213 1241 258 1306 ut,
273 1255 349 1314 quos
363 1242 472 1294 natura
486 1235 550 1314 ipsa
567 1236 699 1294 retinere
713 1235 744 1293 in
758 1237 859 1295 officio
872 1236 1107 1316 nonpotuisset,

104 1331 129 1389 ii
146 1330 362 1408 magnitudine
383 1352 483 1411 poenae
503 1353 529 1404 a„
552 1332 703 1392 maleficio
736 1333 1001 1393 submoverentur.
1027 1334 1109 1391 Insui

105 1426 280 1486 voluerunt
292 1427 323 1485 in
339 1427 471 1486 culleum
491 1429 579 1487 vivos
598 1435 689 1506 atque
706 1429 736 1486 in
753 1424 867 1488 llumen
886 1430 986 1510 dejici.
1005 1423 1033 1490 ¹O
1048 1431 1109 1488 sin-

104 1524 246 1604 gularem
262 1525 452 1604 sapientiam,
467 1525 605 1604 judices!
629 1526 739 1584 Nonne
760 1526 903 1584 videntur
917 1526 999 1585 hunc
1012 1526 1109 1585 homi-

104 1641 181 1680 nem
201 1641 239 1679 ex
257 1641 360 1680 rerum
383 1629 490 1680 natura
512 1621 670 1681 sustulisse
687 1630 718 1680 et
737 1623 895 1704 eripuisse,
917 1624 966 1682 oui
984 1632 1108 1703 repente

101 1717 230 1789 caelum,
252 1717 359 1790 solem,
381 1738 490 1796 aquam
515 1725 688 1798 terramque
710 1719 890 1789 ademerint,
913 1729 943 1780 ut
967 1721 1017 1799 qui
1039 1741 1108 1778 eum

104 1819 261 1887 necasset,
279 1814 360 1873 unde
373 1815 438 1894 ipse
454 1822 543 1873 natus
561 1824 650 1886 esset,
670 1811 785 1874 careret
802 1816 839 1873 iis
851 1816 1105 1887 rebusomnibuS,

101 1933 141 1971 ex
175 1909 287 1990 quibus
318 1911 421 1969 omnia
447 1917 519 1970 nata
548 1931 613 1969 esse
639 1911 809 1970 dicuntur?
836 1912 1010 1971 Noluerunt
1037 1914 1108 1972 feris

101 2027 223 2086 corpus
250 2006 395 2087 objicere,
420 2028 457 2066 ne
482 2007 586 2065 bestiis
610 2007 744 2088 quoque,
773 2029 841 2088 quae
868 2016 986 2067 tantum
1010 2010 1108 2068 scelus

99 2105 297 2181 attigissent,
325 2104 559 2162 immanioribus
584 2111 765 2165 uteremur:
796 2125 857 2163 non
885 2106 928 2164 sic
949 2106 1049 2164 nudos
1077 2107 1106 2164 in

102 2203 227 2260 tlumen
252 2199 395 2279 dejicere,
421 2222 469 2272 ne,
491 2222 560 2260 cum
586 2200 680 2260 delati
710 2197 813 2260 essent
838 2202 869 2260 in
891 2221 984 2271 mare,
1007 2203 1108 2282 ipsum

103 2295 298 2378 polluerent,
311 2317 372 2376 quo
385 2305 497 2368 cetera,
513 2319 578 2376 quae
589 2297 701 2356 violata
716 2295 798 2371 sunt,
812 2298 926 2378 expiari
939 2307 1106 2378 putantur:

99 2393 241 2473 denique
258 2393 333 2451 nihil
350 2399 411 2452 tam
425 2394 485 2453 vile
500 2414 598 2474 neque
614 2402 675 2453 tam
691 2391 821 2473 vulgare,
832 2401 878 2454 est
889 2395 978 2475 cujus
991 2387 1107 2476 partem

102 2491 204 2550 ullam
219 2489 411 2570 reliquerint.
627 2489 630 2496 ’

170 2673 253 2732 180.
274 2677 327 2733 La
345 2675 395 2733 toi
414 2677 578 2734 romatne
598 2676 827 2747 gerentum
846 2677 979 2736 liberte
999 2681 1047 2737 du

417 2785 418 2790 ¹
529 2765 685 2834 cttoyen.
772 2848 774 2850 -

233 2857 315 2942 (Lex
335 2879 465 2920 romana
486 2861 561 2920 civis
586 2860 726 2921 libertati
741 2861 891 2944 praesidio
912 2863 978 2944 est.)

141 3019 226 3080 Cum
249 3025 312 3082 tam
337 3019 496 3080 moderata
521 3019 638 3099 judicia
669 3021 775 3100 populi
804 3022 866 3081 sint
894 3044 910 3081 a
936 3023 1171 3102 majoribusllh.

95 3115 287 3188 constituta,
298 3116 447 3196 ,primum,
465 3124 499 3175 ut
518 3138 555 3175 ne
572 3138 661 3195 poena
679 3118 1016 3198 capitiscumpecunia
1033 3141 1105 3179 con-

1 3251 2 3266 t
93 3215 273 3296 jungatur:
288 3211 416 3284 deinde,
427 3235 475 3293 ne,
491 3214 550 3272 nisi
564 3214 703 3293 prodicta
719 3215 784 3287 die,
797 3216 866 3295 quis
880 3223 1054 3288 accusetur;
1073 3227 1107 3276 ut

1 3305 2 3312 ἵ
97 3319 154 3370 ter
170 3315 243 3374 ante
258 3309 454 3386 magistratus
468 3318 601 3389 accuset,
617 3312 789 3370 intermissa
804 3312 863 3382 die,
879 3333 969 3391 quam
980 3314 1108 3372 multam

99 3407 237 3491 irroget,
261 3412 315 3464 aut
331 3405 466 3484 judicet,
493 3401 601 3486 quarta
623 3409 662 3466 sit
684 3409 837 3467 accusatio
862 3410 976 3468 trinum
997 3411 1108 3470 nundi-

100 3523 185 3564 num
209 3501 350 3582 prodicta
375 3502 435 3572 die,
467 3523 526 3583 qua
551 3503 599 3562 die
618 3504 768 3583 judicium
790 3503 835 3564 sit
853 3501 1014 3565 futurum:
1042 3516 1106 3567 tum

95 3599 205 3660 multa
233 3598 324 3658 etiam
349 3598 387 3658 ad
408 3599 591 3680 placandum
615 3608 706 3680 atque
729 3602 764 3660 ad
786 3599 1023 3662 misericordiam
1048 3606 1115 3663 reis*¹

1 3681 2 3760 l
95 3715 253 3758 concessa
266 3701 356 3768 sunt;
371 3695 481 3756 deinde
492 3697 655 3756 exorabilis
667 3699 810 3777 populns,
823 3701 920 3758 facilis
930 3695 1107 3778 sullragatio

100 3815 163 3874 pro
194 3792 310 3867 salute;
339 3791 483 3874 denique,
501 3794 592 3852 etiam
617 3793 728 3875 sique
758 3818 806 3856 res
831 3795 914 3857 illum
947 3797 1026 3855 diem
1054 3806 1108 3857 aut

533 3976 566 3988 ...
585 3947 633 3996 425
653 3977 692 3988 -.
