2670 4252
243 147 276 199 6.
296 145 453 202 oraison
472 145 624 200 funebre
646 144 730 199 d'un
745 144 855 212 jeune
877 143 1028 198 nomme.

326 249 383 329 (De
404 248 598 309 adulescenti
619 247 757 308 laudatio
778 245 945 328 funebris.)

173 407 394 489 Composuisse
415 429 464 466 me
479 407 618 488 quaedam
632 408 669 466 de
685 408 748 466 filio
762 415 864 466 vestro
879 427 941 465 non
956 405 1019 464 dixi
1034 405 1134 478 vobis,
1165 409 1207 473 2⁸*

129 525 203 563 cum
227 506 365 584 proxime
389 491 471 584 apud
498 526 553 563 vos
578 505 622 563 lui
643 523 650 564 t
674 505 807 584 primum
825 504 961 584 quidem,
983 503 1054 582 quia
1074 523 1135 570 non

130 591 203 659 ideo
218 603 398 680 scripseram
414 610 449 660 ut
461 602 605 674 dicerem,
624 601 676 660 sed
693 609 804 660 utmeo
820 601 928 671 amori,
951 621 1018 658 meo
1037 599 1136 658 dolori

130 698 357 772 satisfacerem
375 698 486 782 deinde
501 699 573 779 quia
589 706 629 769 te,
645 698 811 778 Spurinna,
823 718 893 756 cum
909 697 1046 756 audisses
1060 696 1137 754 reci-

134 802 215 852 tasse
236 816 295 867 me,
313 796 388 875 quid
407 796 582 854 recitassem
596 796 687 854 simul
714 795 835 854 audisse
855 794 1028 853 credebam.
1047 793 1137 850 Nunc

131 912 259 970 quoque
275 892 590 972 paulisperbaesitavi,
607 892 638 949 id
661 891 759 950 solum
780 892 863 971 quod
886 891 1014 949 recitavi
1035 891 1137 947 mitte-

129 1009 196 1046 rem
211 988 405 1066 exigentibus
416 991 515 1061 vobiS,
532 1011 570 1048 an
586 989 750 1068 adjicerem
767 1010 835 1067 quae
850 989 880 1046 in
896 987 980 1046 aliud
991 987 1135 1045 volumen

128 1085 235 1162 cogito
260 1107 427 1145 reservare.
450 1087 564 1144 Verum
588 1086 742 1144 haesitanti
767 1085 841 1144 mihi
866 1085 968 1144 omnia
983 1103 1051 1162 quae
1072 1081 1136 1162 jam

127 1184 292 1260 composui
323 1184 412 1242 vobis
436 1182 625 1255 exhiberem,
650 1204 687 1242 an
709 1183 810 1242 adhuc
841 1182 943 1262 aliqua
969 1181 1134 1251 differrem,

123 1279 298 1358 simplicius
323 1287 353 1336 et
374 1277 503 1336 amicius
526 1277 601 1334 mibi
629 1278 731 1335 visum
757 1287 804 1336 est
830 1279 944 1348 omnia,
968 1277 1135 1356 praecipue
1193 1288 1195 1293 '

122 1387 196 1428 cum
218 1371 376 1430 affirmetis
398 1371 478 1430 intra
502 1392 559 1430 vos
578 1371 695 1442 lutura,
719 1372 818 1430 donec
842 1375 959 1450 placeat
979 1376 1129 1428 emrttere.

122 1465 214 1532 Quod
229 1476 378 1546 superest,
394 1489 468 1546 rogo
482 1475 517 1526 ut
534 1468 599 1547 pari
623 1468 836 1547 simplicitate,
854 1468 880 1526 si
899 1489 957 1547 qua
978 1466 1132 1525 existima-

122 1561 197 1621 bitis
222 1563 374 1642 addenda,
398 1565 631 1637 commutanda,
664 1565 846 1636 omittenda,
872 1564 1014 1623 indicetis
1043 1561 1129 1624 mihi.

123 1660 260 1718 Difficile
295 1669 342 1720 est
368 1661 428 1720 huc
453 1683 550 1741 usque
579 1662 741 1720 intendere
772 1662 907 1720 animum
939 1661 970 1718 in
1000 1660 1129 1725 dolore;

120 1756 259 1828 difficile,
299 1759 352 1816 sed
387 1766 488 1816 tamen
518 1766 552 1816 ut
581 1759 782 1838 sculptorem,
820 1766 854 1816 ut
891 1758 1051 1836 pictorem,
1077 1746 1130 1836 qui

120 1854 178 1912 filii
191 1855 287 1913 vestri
301 1855 465 1932 imaginem
481 1857 606 1928 laceret,
622 1855 832 1913 admoneretis
852 1855 927 1933 quid
946 1853 1128 1934 exprimere,
1178 1852 1180 1862 '

120 1951 377 2030 quidemendare
391 1952 527 2022 deberet,
540 1953 583 2010 ita
598 1973 646 2010 me
662 1973 785 2033 quoque
801 1953 943 2023 formate,
955 1950 1061 2027 regite,
1076 1947 1129 2029 qui

122 2069 187 2106 non
205 2047 391 2126 fragilem'et
405 2049 565 2120 caducam,
582 2048 635 2108 sed
651 2049 856 2108 immortalem
873 2049 916 2126 (ut
934 2069 989 2107 vos
1004 2046 1128 2127 putatis)

117 2144 254 2222 effigiem
289 2166 386 2204 conor
412 2147 530 2204 efficere
559 2163 566 2206 :
595 2167 664 2225 quae
693 2147 751 2204 hoc
770 2137 946 2204 diuturnior
971 2145 1038 2216 erit,
1066 2163 1129 2224 quo

120 2242 242 2314 verior,
259 2242 377 2314 melior,
395 2242 564 2302 absolutior
578 2243 681 2303 luerit.

206 2465 240 2520 7.
260 2462 318 2519 Un
336 2464 431 2521 mari
450 2464 577 2534 pleure
597 2465 637 2521 la
655 2466 751 2521 mort
771 2466 815 2521 de
836 2477 882 2521 sa
903 2464 1043 2522 femme.

316 2567 454 2649 (Conjuc
475 2568 623 2629 amissam
645 2569 815 2653 conjupem
836 2568 942 2650 dolet.)

114 2729 162 2786 Te
185 2726 312 2805 juvenis
334 2727 439 2806 primis
461 2728 524 2787 luxi
547 2729 695 2808 deceptus
716 2730 747 2788 in
770 2730 867 2802 annis,

159 2823 284 2902 Perque
307 2845 418 2882 novem
440 2826 550 2885 caelebs
572 2835 602 2885 te
624 2829 682 2886 sseo
704 2827 907 2906 olympiadae.

111 2923 185 2982 Nec
209 2919 283 2978 licet
304 2921 472 2980 obductum
495 2924 581 2981 senio
603 2924 704 3002 sopire
726 2923 863 2982 dolorem
888 2942 895 2985 :

155 3018 289 3096 Semper
312 3018 467 3077 crudescit
488 3040 559 3078 nam
582 3019 657 3077 mibi
681 3040 772 3098 poena
793 3041 910 3081 recens.

108 3114 300 3176 Admittunt
321 3114 376 3173 alii
399 3116 514 3174 solacia
536 3117 684 3196 temporis
706 3116 779 3194 eegri
804 3136 810 3178 :

115 3281 119 3286 .
153 3211 236 3270 Haec
257 3211 404 3288 graviorav
422 3212 499 3271 facit
519 3213 654 3271 vulnera
677 3213 767 3292 longa
789 3212 865 3276 dies.

109 3312 266 3388 Torqueo
289 3308 435 3387 deceptos
457 3329 515 3386 ego
538 3309 600 3367 vita
623 3310 729 3368 caelibe
753 3331 856 3383 canos

149 3405 289 3483 Quoque
305 3405 401 3480 magis
416 3405 510 3477 soluS,
534 3405 595 3464 hoc
617 3427 707 3484 mage
731 3414 864 3465 maestus
886 3427 954 3484 ago.

105 3503 239 3564 Vulnus
254 3500 309 3559 alit
330 3501 413 3580 quod
435 3510 520 3561 muta
541 3502 651 3561 domus
678 3504 747 3562 silet
768 3511 799 3561 et
820 3510 905 3561 torus
928 3504 1024 3581 alget;

147 3597 250 3668 Quod
273 3596 353 3654 mala
375 3597 437 3656 non
459 3598 616 3678 cuiquam,
641 3620 702 3657 non
727 3601 807 3660 bona
829 3600 991 3680 participe.

108 3700 249 3768 MaereO,
274 3693 299 3751 si
323 3695 437 3772 conjux
459 3695 511 3755 alii
534 3695 629 3770 bona3
653 3705 765 3755 maereo
787 3705 905 3762 contra.

470 3868 472 3872 ,
564 3892 687 3944 -5—
