2670 4252
504 189 703 230 msreucrrou.
727 205 765 214 —
787 175 948 230 s'uucarron

225 320 258 359 sa
278 299 403 360 necolut
421 300 571 380 plasmate
592 301 640 381 (ut
659 323 741 362 nunc
761 304 948 383 aplerisque
968 303 1013 385 fit)
1038 306 1225 364 eliemrnata.

225 397 272 454 De
296 417 357 476 quo
376 417 487 474 genere
509 399 625 478 optime
647 399 683 458 C.
706 400 859 460 Cresarem
882 408 1099 480 praetextatum
1122 401 1225 461 adhuc

225 492 397 574 accepimus
413 493 541 554 dixissse
558 513 565 556 :
581 493 619 555 Si
631 503 748 568 cantas,
764 497 845 557 male
862 505 986 573 cantas,
1001 496 1031 557 si
1046 497 1136 579 legis,
1152 518 1228 557 can-

225 595 282 651 tas.
301 590 364 649 Nec
382 593 626 673 prosopopoeias,
646 598 681 652 ut
693 593 878 674 quibusdam
898 593 1008 674 placet,
1025 593 1063 653 ad
1075 594 1227 654 comicum

224 705 341 746 morem
361 688 555 766 pronuntiari
575 688 686 764 velim;
708 711 773 748 esse
793 699 896 750 tamen
918 691 1030 750 flexum
1047 691 1225 772 quemdam,

222 803 285 862 quo
307 783 538 863 distinguantur
561 785 599 846 ab
629 786 679 862 iis,
706 785 737 845 in
761 787 873 866 quibus
900 796 992 867 poeta
1014 809 1144 868 persona
1172 808 1229 846 sua

224 887 337 941 utetur.
359 882 706 966 Ceteravadmonitione
730 904 841 961 magna
860 892 964 962 egent,
989 885 1019 942 in
1044 884 1162 964 pri'miS,
1193 891 1229 942 ut

224 985 335 1036 tenerae
364 987 482 1038 mentes
512 988 717 1060 tracturaeque
740 980 844 1056 altius,
870 981 1022 1063 quidquid
1043 981 1171 1040 rudibus
1196 988 1228 1039 et

221 1076 360 1134 omnium
386 1076 500 1154 ignaris
532 1077 691 1150 insederit,
719 1097 781 1135 non
809 1078 902 1138 modo
931 1099 999 1159 quae
1028 1077 1140 1137 diserta
1173 1076 1226 1135 sed
1323 1096 1324 1118 ¹

222 1172 272 1230 vel
284 1173 381 1252 magis
396 1194 465 1253 quae
480 1173 608 1234 honesta
623 1180 708 1246 sunt,
723 1172 855 1234 discant.

320 1465 381 1523 34.
403 1467 472 1524 Sur
490 1467 546 1523 les
565 1468 689 1524 textes
710 1468 900 1538 expliques
920 1481 965 1524 en
984 1469 1121 1526 classe.

383 1586 440 1667 (De
456 1588 668 1669 praelectione
691 1589 723 1650 in
744 1588 859 1651 scholis
883 1590 1056 1672 usurpate.)

153 1785 193 1849 2·
259 1782 295 1841 In
331 1783 525 1863 praelegendo
562 1786 780 1862 grammaticus
808 1794 840 1846 et
867 1786 918 1845 illa
941 1785 1065 1866 quidem
1103 1783 1225 1842 minora
1323 1861 1324 1864 Ἴ

218 1885 364 1958 praestare
395 1879 529 1950 debebit,
557 1889 591 1941 ut
616 1891 718 1961 partes
748 1883 898 1942 orationis
928 1882 1014 1942 reddi
1037 1881 1092 1940 sibi
1111 1880 1226 1938 'soluto

217 1996 308 2035 versu
330 1976 494 2050 desideret,
512 1985 543 2037 et
556 1979 668 2058 pedum
683 1980 903 2058 proprietates,
918 2000 988 2059 quae
1011 1979 1088 2038 adeo
1111 1975 1226 2036 debent

217 2093 282 2131 esse
298 2081 378 2133 notae
392 2074 423 2132 in
434 2075 633 2148 carminibus,
649 2083 683 2134 ut
698 2077 791 2135 etiam
805 2065 836 2134 in
850 2077 986 2136 oratoria
998 2073 1225 2154 compositione

217 2169 440 2244 desiderentur,
466 2170 741 2252 deprehendatque
763 2194 831 2254 quae
855 2174 995 2244 barbara,
1019 2179 1087 2251 quae
1107 2171 1222 2249 impro-

216 2266 295 2345 pria,
312 2287 381 2346 quae
396 2274 504 2327 contra
519 2268 600 2345 leges
618 2269 767 2349 loquendi
788 2271 851 2328 sint
865 2271 979 2349 posita;
1000 2290 1061 2327 non
1076 2276 1111 2326 ut
1125 2287 1162 2326 ex
1175 2265 1225 2324 his
1324 2311 1325 2326 r

217 2362 324 2443 utique
338 2363 554 2442 improbentur
567 2373 676 2444 poetae,
694 2367 817 2447 quibuS,
833 2368 904 2447 quia
917 2367 1097 2446 plerumque
1107 2364 1224 2422 servire
1324 2441 1325 2450 ἵ

216 2467 314 2519 metro
331 2468 495 2539 coguntur,
510 2461 586 2521 adeo
604 2463 785 2540 ignoscitur,
804 2471 837 2522 ut
857 2464 932 2524 vitia
944 2464 1009 2542 ipsa
1028 2462 1094 2522 aliis
1111 2461 1141 2519 in
1155 2481 1224 2520 car·

216 2556 299 2616 mine
319 2557 576 2638 appellationibus
598 2561 805 2620 nominentur.
828 2560 861 2619 Id
882 2581 1005 2641 quoque
1023 2561 1104 2618 inter
1122 2558 1222 2638 prima

215 2653 391 2714 rudimenta
413 2676 474 2715 non
495 2657 605 2715 inutile
632 2657 853 2729 demonstrare,
877 2665 952 2738 quot
974 2677 1104 2739 quaeque
1127 2654 1221 2712 verba

215 2750 315 2809 modis
337 2751 542 2830 intellegenda
566 2754 638 2811 sint.
665 2755 754 2812 Circa
782 2755 964 2830 glossemata
988 2755 1091 2826 etiam,
1118 2751 1148 2811 id
1174 2757 1220 2808 est

158 2884 164 2905 ‹
215 2869 307 2909 voces
321 2849 423 2908 minus
437 2850 575 2922 usitatas,
590 2871 651 2908 non
667 2850 775 2908 ultima
790 2851 856 2929 ejus
872 2851 1070 2931 professionis
1088 2849 1221 2925 diligen-

216 2947 258 3006 tia
277 2954 333 3007 est.
358 2946 523 3006 Enimvero
543 2948 606 3026 jam
624 2948 739 3026 majore
757 2968 830 3006 cura
845 2948 955 3008 doceat
973 2957 1079 3028 tropos
1099 2965 1219 3017 omnes,

213 3043 328 3122 quibus
348 3044 501 3123 praecipue
518 3064 580 3102 non
602 3065 709 3122 poema
725 3044 818 3103 modo
837 3044 995 3130 sedetiam
1015 3044 1114 3104 oratio
1126 3062 1220 3103 orna-

214 3148 266 3200 tur
288 3140 469 3201 :schemata
491 3149 631 3220 utraque,
665 3141 696 3198 id
732 3149 776 3200 est
807 3142 930 3221 figuras,
960 3163 1090 3223 quaeque
1118 3141 1221 3210 λέξεως

214 3258 344 3318 quaeque
377 3240 492 3304 διανοίας
525 3246 676 3296 vocantur
691 3257 697 3297 :
713 3259 844 3317 quorum
868 3260 935 3317 ega,
952 3239 1031 3300 sicut
1055 3247 1233 3319 troporum,

213 3340 379 3393 tractatum
395 3335 426 3392 in
444 3355 514 3392 eum
534 3333 636 3393 locum
657 3335 775 3408 differo,
791 3356 853 3416 quo
872 3337 948 3396 mihi
968 3337 1006 3396 de
1021 3344 1132 3397 ornatu
1153 3352 1222 3393 ora-

213 3429 307 3490 tionis
330 3430 495 3490 dicendum
523 3433 593 3491 erit.
615 3432 773 3511 Praecipue
792 3453 866 3492 vero
888 3433 939 3492 illa
961 3433 1069 3511 infigat
1101 3435 1220 3506 animis,

213 3549 284 3609 quae
314 3527 345 3585 in
372 3528 545 3588 oeconomia
566 3528 676 3601 virtus,
714 3551 782 3609 quae
808 3529 840 3589 in
866 3529 975 3590 decore
996 3549 1109 3604 rerum,
1148 3537 1222 3610 quid

212 3645 351 3704 personae
364 3624 476 3705 cuique
502 3626 696 3698 convenerit,
715 3627 790 3706 quid
803 3627 835 3685 in
850 3628 990 3688 sensibus
1013 3628 1213 3697 laudandum,

212 3721 287 3802 quid
302 3722 333 3779 in
349 3720 462 3794 verbis,
480 3720 532 3779 ubi
546 3723 634 3802 copia
650 3723 831 3802 probabilis,
846 3725 897 3783 ubi
913 3724 1033 3785 modus.

643 3909 783 3959 ...24-
