2682 4258
506 131 544 190 u
565 151 613 190 viu
633 137 734 191 rmvr’ss
754 145 805 192 uas
827 155 952 194 norimus

303 535 308 546 ⁸
339 563 425 622 482.
441 563 531 622 Dteu
543 564 665 624 reside
680 568 776 625 dans
790 568 953 626 l’homme
968 570 1014 628 do
1026 567 1133 627 hiem·

441 728 564 810 ‘lBouns
586 731 635 791 vir
654 731 721 794 sine
741 733 807 794 Deo
828 755 916 797 nemo
938 733 1008 815 est.)

79 1095 82 1104 ·
155 1070 212 1132 'mi
253 1061 371 1142 'Prope
398 1072 445 1122 est
469 1087 485 1124 a
506 1073 536 1124 te
560 1067 655 1140 Deus,
682 1076 782 1127 tecum
812 1076 869 1142 est,
890 1069 974 1128 intus
990 1054 1047 1129 esti
1075 1069 1122 1130 lta
1145 1069 1229 1146 dicu,

229 1158 414 1220 carissime:
433 1183 519 1234 sacer
539 1158 620 1224 intra
637 1185 692 1224 nos
710 1166 836 1245 spiritus
851 1167 944 1236 sedet,
962 1166 1114 1226 malorum
1129 1176 1231 1226 bono-

216 1275 359 1335 rumque
374 1266 550 1318 nostrorum
566 1261 913 1323 observatoretcustos:
931 1263 991 1335 hic,
1007 1269 1126 1342 prouta
1138 1261 1230 1322 nobis

213 1358 378 1411 tractatus
390 1361 446 1425 est,
460 1356 501 1414 ita
514 1377 569 1415 nos
581 1357 644 1436 ipse
660 1366 782 1420 tractat.
800 1359 904 1418 Bonus
917 1360 964 1418 vir
976 1359 1041 1418 sine
1054 1360 1121 1418 Deo
1136 1379 1229 1418 nemo

228 1455 286 1506 est.
302 1451 351 1507 An
364 1452 591 1532 potest-aliquis
606 1475 697 1533 supra
711 1455 878 1531 fortunam,
894 1456 953 1514 nisi
970 1456 1074 1515 abillo
1088 1455 1227 1536 adjutae,

172 1581 176 1589 -
214 1543 416 1624 --exsurgere‘l
436 1548 489 1608 llle
508 1548 561 1608 dat
581 1551 707 1610 consilia
729 1553 890 1630 magnifica
911 1561 942 1612 et
964 1561 1075 1612 erecta.
1094 1552 1130 1612 In
1149 1571 1230 1611 uno·

228 1651 352 1722 (pioque
366 1645 504 1704 virorum
520 1646 672 1705 bonorum
686 1705 691 1714 ,

364 1740 452 1820 (Quis
473 1742 569 1815 Deus,
593 1744 745 1804 incertum
767 1748 822 1824 est)
846 1745 964 1807 habitat
986 1748 1080 1807 Deus·

218 1839 252 1900 si
267 1840 321 1898 tibi
336 1839 506 1899 occurrerit
521 1841 652 1899 vetustis
667 1841 829 1901 arboribus
844 1851 875 1902 et
892 1845 1013 1904 solitam
1028 1845 1227 1905 altitudinem

227 1933 356 2010 egressis
386 1933 531 2014 frequens
562 1935 660 2007 lucus
688 1942 719 1994 et
744 1942 943 2014 conspectum
974 1933 1041 1994 caeli
1072 1933 1228 1992 densitate

1289 1991 1294 2000 .
1331 1967 1332 2002 i

220 2028 381 2088 {ramorum
397 2031 526 2090 aliorum
540 2031 614 2090 alios
625 2032 852 2111 protegentium
869 2020 1056 2090 submo'vens
1068 2047 1076 2089 τ
1088 2028 1141 2088 illa
1153 2049 1226 2108 pro·

189 2121 195 2135 '
226 2127 337 2185 ceritas
359 2121 443 2186 silvae
463 2134 493 2186 et
518 2136 668 2188 secretum
687 2128 746 2187 loci
764 2135 795 2186 et
816 2127 977 2187 admiratio
998 2127 1114 2185 umbrae
1132 2122 1227 2184 tidem

222 2212 283 2283 -tlbi
306 2221 440 2282 numinis
469 2227 571 2285 saciet.
596 2229 627 2285 Si
670 2225 738 2303 quis
756 2244 865 2303 specus
887 2223 1110 2303 saxispenitus
1127 2221 1226 2282 exesis

226 2326 364 2378 montem
374 2321 579 2400 suspenderit,
589 2341 651 2379 non
662 2341 754 2380 manu
766 2321 876 2393 factus,
887 2320 939 2378 sed
950 2318 1143 2379 naturalibus
1156 2340 1228 2378 cau-

222 2417 268 2475 sis
284 2417 314 2474 in
330 2413 446 2476 tantam
462 2416 619 2475 laxitatem
633 2425 798 2476 excavatus
812 2435 819 2477 :
835 2417 970 2475 animum
986 2425 1074 2474 tuum
1091 2415 1226 2496 quadam

222 2513 384 2590 religionis
395 2513 569 2593 suspicione
583 2513 743 2593 percutiet.
757 2513 940 2590 Magnorum
953 2511 1113 2571 [luminum
1124 2511 1227 2591 capita

225 2605 423 2682 veneramur3
452 2609 552 2668 subita
581 2631 617 2668 ex
641 2610 746 2668 abdito
775 2610 854 2668 vasti
881 2609 980 2668 amnis
1010 2608 1132 2688 eruptio
1159 2629 1227 2667 aras

201 2693 210 2726 '
225 2707 333 2777 habet3
352 2707 497 2766 coluntur
514 2727 661 2796 aquarum
675 2706 839 2765 calentium
853 2706 965 2776 fontes,
978 2715 1008 2765 et
1023 2713 1130 2782 stagna
1143 2726 1227 2784 quae·

225 2805 296 2863 dam
315 2804 363 2862 vel
376 2805 523 2883 opacitas,
540 2803 588 2861 vel
607 2804 754 2861 immensa
769 2803 901 2862 altitudo
919 2803 1062 2862 sacravit.
1075 2802 1108 2858 Si
1125 2802 1222 2866 homi-

226 2902 296 2961 nem
316 2900 429 2959 videris
448 2900 621 2958 interritum
642 2899 798 2979 periculis,
819 2899 968 2958 intactum
989 2899 1223 2978 cupiditatibus

226 3006 306 3057 inter
328 2998 455 3056 adversa
474 2997 604 3068 felicem,
620 2997 650 3053 in
672 2995 778 3054 mediis
797 2996 1033 3075 tempestatibus
1055 2995 1225 3076 placidum,

225 3117 263 3156 ex
279 3095 435 3174 superiore
453 3093 520 3152 loco
538 3093 677 3151 homines
696 3093 865 3160 videntem,
884 3111 920 3152 ox
937 3113 1025 3170 aequo
1041 3093 1122 3151 Deos
1140 3110 1147 3152 τ
1163 3111 1226 3150 nou

225 3191 342 3250 subibit
354 3198 383 3248 te
397 3189 463 3269 ejus
478 3189 634 3248 veneratio
650 3189 663 3246 t
680 3189 748 3247 Non
766 3189 849 3247 dices
865 3188 880 3245 ‘l
895 3213 909 3242 u
929 3189 990 3246 lsta
1006 3209 1054 3247 res
1067 3188 1166 3268 major
1180 3196 1227 3247 est

224 3287 388 3365 altiorque,
408 3306 498 3367 quam
514 3293 549 3344 ut
563 3285 644 3344 credi
664 3285 770 3343 similis
791 3279 875 3355 huic,
892 3285 923 3342 in
942 3305 1004 3364 quo
1024 3291 1226 3365 est„corpus-

225 3382 296 3441 culo
315 3383 410 3462 possit
428 3380 499 3438 :vis
519 3382 599 3440 istuc
615 3381 717 3440 divina
733 3381 902 3440 descendit.
922 3404 937 3437 a

1331 3723 1332 3752 l

1331 3775 1332 3800 l
