2678 4250
114 207 118 222 1
278 209 285 224 R

28 247 34 286 f
86 223 169 263 rursm.
186 237 224 251 -··
238 225 353 262 POETES.
369 235 407 249 ·-·
423 197 595 268 dtOQUuNcrd.
612 237 651 248 -·
667 223 828 262 ORATEURS.
852 237 891 246 -·
910 205 1059 258 undruuns

23 286 28 328 t

267 522 351 580 349.
373 523 443 578 Sur
461 522 502 579 le
519 522 616 577 mort
635 522 680 576 de
702 518 864 576 martial.

370 748 428 829 (De
448 747 609 809 Martialis
631 747 753 830 morte.)

106 988 203 1047 Audio
212 974 368 1048 Valerium
386 988 559 1047 Martialem
582 987 758 1062 decessisse,
783 992 814 1045 et
832 984 959 1044 moleste
980 982 1058 1042 lero.
1076 965 1141 1024 Μ
1162 979 1164 982 ’

73 1081 139 1142 Erat
157 1085 250 1144 homo
272 1085 460 1162 ingeniosus,
485 1092 605 1157 acutus,
625 1105 704 1157 acer,
721 1091 752 1142 et
775 1083 829 1163 qui
846 1082 1012 1162 plurimum
1028 1079 1060 1138 in

72 1181 223 1260 scribendo
243 1189 273 1240 ct
292 1177 504 1241 salis'habnet
532 1189 563 1240 et
581 1180 670 1253 fellis,
701 1201 758 1239 nec
780 1180 921 1239 candoris
945 1177 1058 1236 minus.
1094 1219 1106 1240 ,-

19 1331 21 1336 ,
72 1275 246 1338 Prosecutus
264 1300 345 1338 eram
361 1279 474 1340 viatico
488 1269 692 1360 secedentem.
708 1277 859 1337 Dederam
875 1277 933 1334 hoc
957 1275 1062 1334 amici·
1080 1263 1083 1268 ¹

71 1373 124 1448 tia,
138 1375 280 1458 dederam
297 1376 387 1434 etiam
402 1376 561 1435 versiculis
574 1365 705 1462 quos'Jde
720 1395 767 1434 me
782 1373 966 1454 composuit.
989 1373 1062 1432 Fuit

70 1472 154 1530 moris
169 1473 289 1552 antiqui
313 1493 366 1531 eos
385 1474 437 1552 qui
462 1473 510 1531 vel
535 1472 726 1550 singulorum
744 1471 850 1530 laudes
869 1470 922 1529 vel
937 1470 1059 1530 urbium

20 1555 22 1588 ²
71 1568 258 1647 scripserant,
284 1578 338 1628 aut
365 1569 532 1628 honoribus
560 1575 613 1645 aut
634 1569 764 1648 pecunia
789 1587 916 1640 ornare3
947 1567 1061 1642 nostris

19 1661 21 1740 ζ
70 1670 134 1746 v'ero
157 1667 360 1745 temporibus,
381 1675 415 1725 ut
437 1666 494 1726 alin
513 1653 650 1745 speciosa
672 1672 703 1724 ct
721 1665 853 1744 egregia,
880 1665 923 1723 ita
943 1664 1001 1724 hoc
1028 1665 1061 1722 in

71 1761 165 1836 primis
182 1763 332 1834 exolevit;
352 1784 421 1822 nam
438 1771 601 1842 postquam
615 1762 761 1821 desiimus
778 1762 878 1820 facere
894 1760 1060 1834 laudanda,

20 1839 24 1922 ἦ
70 1856 176 1918 laudari
204 1881 327 1938 quoque
352 1861 491 1938 ineptum
510 1863 665 1938 putamus,
685 1859 801 1925 Quaeris
820 1858 874 1938 qui
889 1859 950 1918 sint
966 1858 1062 1916 versi-

23 1943 24 1946 *
70 1945 123 2012 culi
141 1956 253 2036 quibus
272 1957 402 2034 gratiam
421 1955 601 2015 retulerim?
621 1956 822 2015 Remitterem
846 1962 876 2014 te
896 1954 933 2014 ad
959 1955 1061 2035 ipsum

70 2051 217 2124 volumen,
231 2053 288 2111 nisi
304 2053 454 2132 quosdam
471 2060 618 2112 tenerem.
636 2054 697 2125 Tu,.
707 2053 731 2110 si
741 2052 912 2131 placuerint
926 2051 969 2124 hi,
982 2058 1063 2110 cete·

25 2141 26 2144 ’
70 2165 113 2204 ros
134 2150 165 2207 in
195 2148 273 2208 libro
304 2151 452 2232 requires.
488 2149 667 2229 Alloquitur
691 2149 837 2222 Musam,
868 2147 993 2207 mandat
1027 2155 1064 2208 ut

69 2243 186 2324 domum
200 2267 298 2304 meam
315 2246 460 2325 Esquiliis
475 2253 603 2326 quaerat,
619 2246 709 2331 adeat
723 2244 900 2306 reverenter
916 2263 923 2307 :

179 2343 250 2409 Sed,
275 2364 312 2401 ne
335 2351 474 2422 tempore¹
496 2364 555 2401 non
579 2350 633 2402 tuo
655 2343 799 2402 disertam

184 2439 290 2498 Pulses
313 2438 397 2498 ebria
415 2440 541 2520 januam
563 2439 679 2500 videte.

145 2590 147 2597 t
181 2537 206 2595 T
209 2544 277 2596 otos
299 2536 350 2595 dat
370 2536 506 2595 taetricae
529 2537 595 2594 dies
616 2535 775 2609 Minervae,

27 2697 28 2700 Ἴ
181 2633 263 2692 Dum
286 2638 409 2692 centum
432 2633 536 2691 studet
556 2633 681 2692 auribus
702 2635 839 2693 virorum

26 2727 28 2776 Ῐ
145 2737 150 2808 2
184 2729 252 2788 Hoc
273 2729 357 2810 quod
379 2729 499 2788 saecula
520 2731 697 2809 posterique
718 2731 839 2810 possint

82 2817 84 2820 ’
181 2825 309 2905 Arpinis
331 2847 454 2906 quoque
475 2847 653 2906 comparare
674 2828 797 2887 chartis

182 2923 392 3008 Serastutior
411 2924 469 2982 ibis
491 2924 529 2982 ad
551 2924 711 2994 lucernas;

157 3007 167 3034 ³
184 3021 258 3078 Haec
279 3019 353 3078 hora
375 3022 423 3078 est
443 3027 509 3097 tuaq
530 3041 600 3078 cum
621 3020 696 3078 furit
717 3021 837 3100 Lyaeus

181 3116 261 3175 Cum
285 3123 393 3195 regnat
412 3138 492 3189 rosa,
516 3137 584 3176 cum
607 3117 732 3176 madent
752 3118 872 3197 capilli3

180 3213 269 3270 'l'unc
291 3233 339 3271 me
359 3213 408 3272 vel
430 3213 521 3291 rigidi
534 3214 641 3292 'legant
663 3213 806 3272 Catones,

100 3309 257 3368 Meritone
279 3329 349 3367 eum
371 3310 424 3388 qui
441 3310 507 3369 haec
529 3311 566 3368 de
589 3331 637 3369 me
666 3311 789 3390 scripsit
805 3317 837 3370 et
862 3318 937 3372 tunc
961 3313 1066 3381 dimisi

66 3405 247 3464 amicissime
284 3414 315 3465 et
354 3428 438 3465 nunc
469 3414 504 3466 ut
536 3407 754 3478 amicissimum
788 3407 968 3467 defunctum
1000 3431 1067 3470 esse

65 3498 171 3561 doleo?
189 3502 284 3561 Dedit
294 3503 377 3562 enim
390 3503 466 3561 mihi
477 3511 627 3583 quantum
639 3489 805 3570 maximum
814 3498 925 3582 poluit,
936 3505 1067 3574 daturus

66 3598 207 3677 amplius,
224 3598 249 3656 si
273 3600 436 3678 potuisset.
462 3601 596 3678 Tametsi
622 3600 701 3680 ¹quid
728 3601 845 3658 bomini
870 3609 973 3680 potest
999 3603 1066 3668 dari

66 3695 160 3776 majus
194 3715 288 3776 quam
302 3696 439 3776 gloriaet
453 3697 518 3756 laus
532 3683 562 3755 et
577 3698 731 3755 aeternitas
746 3699 760 3756 l
805 3745 808 3748 .
