2678 4250
261 201 345 261 317.
365 204 414 260 Le
433 205 579 261 malade
599 206 636 261 et
656 218 723 262 son
741 203 915 263 mesecin.

401 324 459 406 (De
478 346 562 409 scyro
584 333 613 386 et
634 325 773 409 medico.)

28 575 29 578 ,
100 541 113 571 «
133 516 249 598 Inspice
277 535 285 580 :
312 519 415 580 nescio
441 519 515 602 quid
541 520 677 600 trepidat
702 520 777 580 mihi
801 528 922 602 pectus,
944 527 976 582 et
996 522 1086 601 aegris
1097 522 1154 582 lili.

100 611 242 674 Faucibus
264 624 428 696 exsuperat
449 617 551 696 gravis
572 616 701 693 halitus;
725 617 853 699 inspice,
877 619 991 680 sodesl
1015 641 1031 676 u

98 709 150 776 Qui
169 711 247 771 dicit
267 713 398 786 medico,
426 713 531 794 jussus
552 714 755 794 requiescere,
778 700 942 795 postquam

97 806 191 867 Tertia
210 810 397 889 compositas
419 811 498 871 vidit
519 831 581 870 nox
601 832 723 870 currere
745 831 851 884 venae,

98 903 138 962 De
158 905 273 985 majore
295 906 388 965 domo
409 908 529 968 modice
551 908 675 968 sitiente
696 907 804 986 lagena

98 999 182 1060 Lenia
204 1001 306 1061 loturo
328 1003 387 1062 sibi
409 1003 590 1064 Surrentina
611 1004 743 1083 rogabit.
767 1041 806 1050 -

98 1095 185 1172 Heus,
197 1098 288 1171 bone,
306 1089 341 1158 tu
354 1100 467 1180 pallesl
486 1135 525 1146 -
542 1099 624 1160 Nihil
636 1108 692 1161 est.
705 1101 868 1163 -Videas
883 1102 1087 1184 tameuistud

97 1191 245 1275 Quidquid
267 1196 298 1254 id
320 1204 380 1268 est;
405 1198 504 1276 surgit
522 1198 617 1258 tacite
639 1198 696 1257 tibi
717 1199 800 1260 lutea
821 1198 921 1280 pellis.

98 1293 191 1350 -At
212 1299 246 1350 tu
269 1287 405 1353 deterius
426 1294 538 1374 palles:
561 1315 600 1354 ne
621 1295 662 1354 sis
684 1295 759 1354 mihi
781 1303 890 1357 tutor:

97 1386 279 1468 iampridem
302 1389 384 1450 hunc
405 1392 517 1471 sepeli;
540 1400 574 1451 tu
595 1395 708 1454 restas!
724 1427 764 1436 —
779 1393 886 1472 Perge,
908 1395 1028 1453 tacebo.
1052 1428 1090 1438 -
1152 1391 1154 1395 ’

96 1482 243 1562 Turgidus
265 1485 316 1545 hio
337 1487 435 1568 epulis
457 1495 549 1568 atque
570 1488 640 1547 albo
662 1497 769 1548 ventre
790 1488 923 1564 lavatur,

97 1575 223 1641 Gutture
244 1583 397 1644 sulfureas
418 1585 500 1645 lente
523 1585 684 1645 exhalante
706 1586 870 1666 mephites.

97 1675 149 1735 Sed
171 1685 288 1738 tremor
309 1680 391 1739 inter
412 1681 484 1741 vina
505 1682 599 1754 subit,
623 1682 819 1761 calidumque
841 1682 984 1743 trientem

98 1771 215 1834 Excutit
236 1777 431 1850 e,manibus;
451 1777 559 1838 dentes
581 1799 728 1858 crepuere
749 1779 875 1858 retecti;

98 1867 190 1931 Uncta
211 1873 327 1933 cadunt
347 1873 424 1933 laxis
444 1881 519 1935 tunc
541 1875 745 1955 pulmentaria
766 1875 871 1939 labris.

97 1964 170 2026 Hinc
191 1969 277 2042 tuba,
301 1970 453 2044 candelae3
476 1971 663 2055 tandemque
685 1965 826 2032 beatulus
848 1971 910 2032 alto

87 2061 289 2148 ¹Compositus
309 2066 390 2126 lecto
411 2068 583 2150 crassisque
605 2068 721 2128 lutatus
743 2068 883 2141 cinomia,

99 2157 127 2216 ln
147 2168 267 2240 portam
288 2163 405 2242 rigidos
427 2165 525 2224 calces
547 2164 699 2240 extendit3
723 2173 755 2224 at
775 2165 861 2224 illum

100 2253 238 2317 Hesterni
259 2259 361 2341 eapite
383 2260 493 2321 induto
515 2262 635 2322 subiere
657 2261 802 2329 Quirites.

117 2494 198 2554 318.
220 2499 291 2555 Sur
308 2498 365 2556 les
386 2498 512 2568 signes
532 2497 741 2558 exterieurs
760 2501 806 2557 de
823 2497 863 2558 la
881 2497 1067 2571 longeriae

424 2588 462 2644 et
481 2588 529 2644 du
548 2589 756 2645 caractere.

157 2704 215 2785 (De
235 2706 428 2790 quidusdam
450 2707 656 2790 lonqaevitatis
678 2716 707 2769 et
728 2730 848 2770 morum
871 2708 1024 2785 indiciis.)

132 2881 228 2942 Miror
251 2884 377 2965 quidem
397 2885 595 2947 Aristotelem
617 2905 681 2946 non
702 2885 795 2946 modo
821 2883 987 2947 credidisse
1011 2905 1089 2968 prae‘-
1116 2901 1157 2964 3ο

96 2978 166 3038 scita
188 2981 261 3040 vitae
283 3002 349 3041 esse
368 2981 469 3062 aliqua
487 2982 574 3061 sigua
589 2982 621 3042 in
638 2983 820 3064 corporibus
840 2986 962 3051 nostris,
983 3002 1089 3041 verum

97 3074 182 3134 etiam
194 3077 376 3157 prodidisse.
397 3077 471 3145 Quae
486 3099 674 3160 quamquam
692 3101 772 3140 vana
792 3080 943 3147 existimo,
961 3097 1000 3138 nc
1012 3079 1045 3138 in
1058 3099 1089 3137 se

97 3172 220 3252 quisque
245 3181 279 3234 ut
306 3175 434 3253 auguria
456 3176 546 3235 anxie
567 3183 700 3257 quaerat,
726 3177 875 3256 attingam
894 3183 996 3254 tamen
1019 3195 1089 3254 quae

98 3271 195 3328 tantus
205 3272 254 3329 vir
267 3272 299 3330 iu
314 3271 455 3332 doctrina
473 3293 535 3332 non
550 3274 678 3354 sprevit.
691 3274 790 3352 Igitur
804 3275 875 3333 vitae
887 3272 989 3331 brevis
1004 3272 1090 3350 signa

99 3373 183 3439 putat
191 3388 277 3427 raros
292 3369 409 3443 dentes,
426 3370 601 3450 praelongos
613 3370 737 3449 digitos,
747 3370 926 3451 plumbeum
941 3368 1089 3438 colorem,

97 3459 253 3544 pluresque
268 3465 299 3523 in
315 3487 408 3524 manu
429 3466 578 3527 incisuras
592 3488 649 3527 nco
661 3475 825 3548 perpetuas
842 3485 849 3528 :
866 3473 973 3526 contra
990 3465 1090 3544 longae

97 3574 156 3615 esse
171 3560 242 3619 vitae
258 3561 402 3621 incurvos
418 3564 542 3636 umeris,
562 3571 593 3623 et
613 3565 645 3623 in
666 3585 759 3623 manu
775 3585 835 3623 una
850 3564 926 3622 duas
939 3562 1090 3622 incisuras

29 3673 30 3676 ¹
99 3649 198 3731 longas
220 3657 378 3732 habentes,
402 3667 432 3719 et
453 3661 555 3740 plures
578 3682 670 3740 quam
689 3661 751 3719 duo
771 3667 802 3720 et
819 3661 946 3742 triginta
968 3660 1086 3728 dentes,

98 3751 200 3828 amplis
223 3754 358 3815 auribus
380 3756 508 3817 Addidit
529 3778 649 3817 morum
668 3778 791 3839 quoque
813 3758 976 3838 adspectus
998 3753 1089 3813 simili

515 3945 667 3994 -223-
