2682 4258
245 229 330 286 435.
350 222 498 296 ngante·
519 228 635 301 (rame
655 228 700 283 de
720 227 840 283 Canus
859 221 991 282 Julius.

346 349 401 425 (De
423 347 505 410 Cani
523 319 607 409 Julii
626 321 895 430 aequanimitate.)

158 551 261 612 Canus
271 552 288 610 l
293 551 384 625 nlius,
394 572 463 610 cum
480 551 557 611 Gaio
568 551 621 610 diu
631 551 805 623 altercatus,
818 558 982 632 postquam
993 549 1120 609 abeunti
1148 553 1186 616 2·

8 655 9 718 ξ
119 648 258 708 Phalaris
280 649 331 708 ille
356 648 457 708 dixit:
480 668 517 707 ne
535 647 617 726 sorte
645 646 749 728 inepte
765 637 821 728 spe
846 645 908 706 titi
929 645 1118 715 blandiaris,

118 743 194 804 duci
209 753 237 805 te
245 743 334 827 jussi
347 765 357 806 .·
372 744 509 814 Gratias,
525 745 639 824 inquit,
653 765 724 826 eqo,
741 742 855 824 optime
864 741 1025 824 princeps.
1040 743 1120 810 Quid

118 843 249 902 senserit
261 842 383 901 dubito.
403 843 502 902 Multa
518 843 599 901 enim
614 842 690 903 mihi
705 849 874 900 occurrunt
889 858 896 900 τ
917 841 1121 900 contumelio-

118 959 171 997 sus
186 930 258 997 'esse
287 939 387 997 voluit
408 946 439 998 et
462 938 625 998 ostendere
658 947 771 1018 quanta
795 937 960 996 crudelitas
984 944 1065 995 esset
1088 936 1120 994 i'n
1183 937 1184 940 ’

118 1056 178 1115 qua
196 1055 279 1094 mors
294 1035 477 1094 beneficium
492 1030 577 1094 erat?
589 1056 628 1095 an
641 1035 839 1116 exprobravit
853 1035 897 1093 illi
908 1033 1120 1114 quotidianam

118 1131 328 1192 dementiam?
357 1154 397 1192 an
425 1139 582 1212 tamquam
616 1132 788 1192 libertatem
821 1132 952 1195 libenter
983 1127 1120 1210 accepit‘.l

119 1229 275 1309 Quidquid
297 1236 353 1302 est,
384 1250 496 1307 magno
525 1230 627 1289 animo
658 1229 827 1308 respondit.
853 1229 943 1288 Dicet
970 1227 1080 1308 aliquis
1101 1239 1118 1286 Ἰ

120 1350 134 1380 «
147 1327 253 1406 potuit
264 1332 335 1406 post
349 1325 408 1384 hoc
423 1326 531 1406 jubere
548 1327 635 1388 illum
651 1325 746 1386 Gaius
761 1326 877 1384 vivere.
896 1351 910 1381 »
927 1325 996 1384 Non
1016 1324 1121 1388 timuit

119 1422 177 1482 hoc
195 1422 309 1484 Canus.
329 1422 410 1482 Nota
429 1431 495 1482 erat
514 1422 584 1482 Gaii
608 1423 640 1481 in
660 1422 773 1482 talibus
788 1413 925 1502 imperiis
940 1422 1026 1481 fides.
1046 1422 1120 1505 Cre-

118 1519 206 1578 disne
219 1519 305 1577 illum
317 1519 422 1578 decern
435 1520 553 1578 medios
569 1540 666 1599 usque
690 1519 728 1578 ad
755 1519 941 1598 supplicium
965 1518 1031 1577 dies
1055 1518 1121 1578 sin'e

118 1615 179 1675 ulla
201 1616 408 1675 sollicitudine
434 1617 596 1694 exegisse?
623 1616 797 1676 Verisimile
819 1637 882 1674 non
911 1623 957 1676 est
973 1616 1052 1695 quae
1071 1615 1122 1681 vir

119 1712 169 1771 ille
185 1712 310 1784 dixerit,
324 1733 401 1792 quae
412 1713 529 1785 lecerit,
545 1733 637 1791 quam
659 1712 873 1792 intranquille
896 1712 1001 1772 fuerit.
1024 1711 1121 1771 Lude-

118 1807 171 1868 bat
185 1808 379 1883 latrunculis,
393 1828 463 1866 cum
477 1807 617 1866 centurio
637 1827 746 1886 agmen
768 1809 976 1887 periturorum
996 1809 1121 1867 trahens

119 1905 207 1964 illum
222 1925 346 1985 quoque
359 1905 485 1964 excitari
495 1904 628 1984 juberet.
644 1904 781 1964 Vocatus
796 1905 971 1964 numeravit
988 1905 1121 1964 calculos

118 2008 148 2059 et
161 2000 260 2061 sodali
274 2022 330 2060 suo
348 2020 355 2062 :
373 1999 453 2076 vide,
470 2003 583 2081 inquit,
601 2022 637 2061 ne
649 2009 721 2082 post
737 2008 866 2061 mortem
877 2023 977 2061 meam
993 2000 1121 2086 mentia-

120 2097 164 2157 ris
186 2105 216 2158 te
236 2096 357 2159 vicisse.
380 2099 458 2158 Tum
485 2099 623 2158 adnuens
648 2099 823 2158 centurioni
849 2117 856 2158 :
881 2098 976 2172 testis,
1007 2099 1118 2178 inquit,

119 2194 181 2254 eris
203 2216 263 2260 uno
293 2216 340 2254 me
374 2195 566 2255 antecedere.
593 2197 714 2254 Lusisse
735 2204 767 2254 tu
797 2195 916 2255 Canum
939 2195 991 2255 illa
1017 2196 1120 2256 tabula

118 2295 232 2370 putas?
244 2292 350 2352 illusit.
368 2293 483 2352 Tristes
505 2301 592 2351 erant
606 2293 697 2352 amici
714 2293 805 2352 talem
827 2293 969 2352 amissuri
994 2293 1119 2354 virum:

118 2387 198 2469 quid
213 2387 333 2462 maesti,
359 2389 471 2470 inquit,
500 2389 604 2448 estis?
630 2410 681 2448 vos
702 2389 855 2471 quaeritis
876 2373 1122 2451 enimmortales
1183 2401 1184 2404 ’

117 2485 241 2545 animae
253 2484 316 2545 sint
334 2504 412 2567 :eqo
428 2486 500 2567 jam
520 2485 628 2545 sciam.
647 2488 710 2546 Nec
726 2487 816 2546 desiit
832 2488 992 2547 veritatem
1008 2488 1039 2546 in
1055 2489 1120 2568 ipso

117 2581 176 2641 line
192 2582 322 2641 scrutari
333 2589 364 2642 et
377 2605 415 2641 ex
429 2591 589 2642 mortesua
601 2584 811 2663 quaestionem
821 2585 943 2644 habere.
953 2585 1122 2664 Proseque-

117 2678 209 2737 batur
225 2679 312 2738 illum
322 2678 527 2758 philosophus
543 2701 627 2740 suus.
644 2681 673 2738 ls
687 2681 775 2762 quid,
791 2667 902 2761 inquit,
927 2681 1021 2754 Cane,
1039 2703 1121 2740 nunc

116 2771 259 2854 copitar?
270 2781 412 2855 autquae
429 2773 490 2833 tihi
503 2796 588 2835 mens
604 2782 650 2835 est
662 2775 676 2834 ?
688 2775 872 2848 Observare,
889 2778 991 2856 inquit
1004 2778 1118 2849 Canus,
1200 2818 1201 2822 ,

111 2869 268 2951 proposui
286 2869 341 2930 itte
365 2870 558 2932 velocissimo
580 2880 732 2932 momento
756 2894 797 2933 en
823 2894 970 2934 sensurus
989 2873 1030 2932 sit
1052 2873 1120 2933 ani-

117 2965 339 3028 musexirese.

180 3239 265 3297 436.
286 3239 432 3298 He'rode
452 3242 600 3301 Atticus
621 3245 658 3300 et
676 3244 711 3300 le
726 3244 818 3302 faux
835 3245 1060 3315 philosophe.

134 3361 195 3442 (De
215 3361 340 3423 Herode
359 3363 466 3424 Attico
488 3371 517 3425 et
538 3364 576 3425 de
596 3365 711 3446 fallaci
730 3366 867 3448 quodam
883 3367 1098 3449 philosopho.)

154 3564 203 3623 Ad
224 3565 380 3624 Herodem
407 3567 557 3641 Atticum,
584 3568 777 3628 consularem
802 3569 913 3642 virum,
933 3571 1119 3652 ingenioque
1146 3582 1186 3644 30

111 3681 238 3720 amoeno
257 3668 288 3721 et
303 3662 411 3723 Graeca
430 3664 574 3724 facundia
596 3665 758 3738 celebrem,
782 3666 859 3724 adiit
877 3667 1021 3746 palliatus
1037 3670 1120 3748 qnis-

115 3758 201 3838 piam
216 3765 248 3820 et
261 3759 401 3832 crinitus,
416 3759 572 3841 barbaque
588 3781 683 3842 prope
694 3764 731 3821 ad
747 3763 925 3821 umbilicum
938 3785 1034 3844 usque
1048 3786 1120 3844 por·

548 3939 702 4016 Lis-rs?-
