2670 4252
253 171 312 228 68.
332 171 514 228 Inssuence
534 173 582 228 du
601 174 735 228 mettre
756 186 822 228 sur
840 171 978 229 l'e'leve.

104 275 283 356 (Quiritium
304 276 389 358 apud
409 275 600 358 discipulum
621 276 773 359 magistri
792 277 962 338 auctoritas
983 277 1109 358 valeat.)

146 434 213 512 Ego
233 443 328 509 certe,
345 457 414 494 cum
430 437 569 494 Attalum
588 437 726 496 audirem
741 437 869 510 invitia,
887 437 917 494 in
929 457 1058 509 errores¹
1075 437 1107 494 in
1136 439 1175 502 3ο

7 593 9 604 .
104 531 187 590 mala
225 533 298 590 vitae
333 540 539 612 perorantem,
581 555 661 612 secpe
692 534 834 592 misertus
874 555 941 592 sum
987 533 1109 611 generis

7 649 9 660 ‘
103 629 246 700 humani,
272 637 303 688 et
326 630 412 688 illum
431 630 592 689 sublimem
608 631 809 710 altioremque
834 631 968 690 humano
986 631 1109 708 l'ustigio

101 726 238 784 credidi.
266 727 335 805 lpse
360 747 461 804 regem
494 748 525 786 se
555 710 620 786 esse
651 727 773 786 dicebat
804 746 810 788 :
837 728 890 786 sed
917 729 986 808 plus
1016 747 1108 807 quam

104 844 236 899 regnare
276 823 352 881 mihi
392 823 565 897 videbatur,
596 825 646 883 tui
685 825 790 884 liceret
825 821 984 884 censuram
1019 845 1107 903 agere

102 920 316 998 regnantium.
340 919 419 978 Cum
443 941 516 979 vero
538 922 753 980 commendare
776 929 987 1001 paupertatem
1010 943 1110 1001 coepe·

102 1025 163 1085 rat,
183 1024 215 1074 et
236 1017 398 1078 ostendere
418 1039 509 1098 quam
530 1018 680 1098 quidquid
702 1040 789 1076 usum
811 1019 972 1078 excederet
986 1018 1109 1098 pondus

101 1122 187 1172 esset
212 1121 437 1192 supervacuum
457 1123 488 1173 'et
507 1136 598 1192 grave
623 1115 744 1186 ferenti,
766 1136 846 1195 saepe
867 1116 949 1173 exire
969 1135 985 1174 e
1005 1115 1109 1173 schola
1179 1139 1181 1142 ·

104 1211 235 1290 pauperi
250 1210 349 1269 libuit.
367 1211 446 1270 Cum
461 1219 598 1290 coeperat
611 1212 784 1292 voluptates
800 1220 920 1271 nostras
935 1212 1107 1283 traducere,

104 1308 234 1366 laudare
255 1315 372 1366 castum
393 1329 515 1387 corpus
535 1308 667 1366 sobriam
688 1330 836 1382 mensam,
850 1329 958 1388 puram
975 1317 1108 1367 mentem

104 1425 169 1462 non
191 1412 313 1462 tantum
335 1405 372 1463 ab
396 1404 512 1464 illicitis
536 1406 749 1486 voluptatibus
773 1406 826 1464 sed
850 1407 941 1465 etiam
962 1427 1110 1486 supervu-

102 1502 183 1571 cum,
210 1501 324 1560 libebat
343 1502 593 1560 circumscribere
616 1503 717 1580 gulam
733 1511 764 1561 et
778 1512 928 1563 ventrem.
943 1503 1018 1562 lude
1034 1503 1109 1562 mihi
1136 1549 1138 1552 .

104 1597 249 1678 quaedam
262 1617 472 1676 permansere;
490 1620 600 1676 magno
617 1600 698 1657 enim
715 1600 745 1656 in
759 1600 860 1659 omnia
876 1600 1001 1680 inceptu
1018 1587 1118 1659 vene-⁸

104 1716 171 1754 ram
190 1714 197 1754 :
215 1693 338 1768 deinde,
358 1695 396 1754 ad
414 1695 548 1754 civitatis
563 1697 659 1754 vitam
671 1697 827 1770 reductus,
854 1717 891 1755 ex
906 1697 983 1756 bene
999 1699 1110 1778 coaptis

104 1813 206 1870 pauca
232 1788 364 1851 servavi.
393 1792 468 1851 lude
492 1794 602 1851 ostreis
626 1793 798 1872 boletisque
820 1794 852 1851 in
871 1814 994 1852 omnem
1013 1796 1109 1854 vitum

105 1884 318 1947 renuntiatum
334 1896 389 1948 est.
407 1889 483 1947 lnde
499 1889 529 1947 in
545 1910 666 1948 omnem
683 1891 777 1947 vitam
791 1888 933 1949 balneum
956 1891 1108 1969 fugimns;

105 1987 280 2065 decoquere
302 2006 414 2064 corpus
438 1993 529 2066 atque
545 1987 700 2046 exinanire
715 1985 1004 2062 sudoribue,inutile
1019 1989 1108 2046 simul

104 2081 336 2162 delicatumque
350 2083 547 2143 credidimus

95 2311 167 2373 69.
187 2313 246 2368 Un
260 2312 348 2380 pere
369 2325 409 2368 se
428 2313 607 2381 reproehe
627 2313 771 2370 d’avoir
790 2311 848 2370 ete
868 2319 952 2383 trop
969 2313 1109 2372 severe.

205 2416 312 2496 (Pater
339 2437 372 2476 se
393 2415 505 2498 ,ipsum
527 2417 726 2498 reprehendit
753 2418 838 2500 quod
861 2418 894 2478 in
913 2418 1020 2502 filium

455 2513 621 2595 difficilior
640 2514 763 2598 fuerit.)

147 2663 264 2725 Filium
286 2657 411 2722 unicum
434 2663 700 2724 adulescentulum
959 2701 961 2708 κ
1138 2674 1178 2738 2⁰

147 2746 386 2824 Habe01.„Aht
409 2753 490 2840 quid
508 2762 571 2820 dixi
593 2761 705 2820 habere
727 2765 802 2823 me?
824 2764 921 2822 Immo
942 2763 1048 2823 habui.
1092 2761 1094 2766 ’

146 2857 240 2914 Nunc
262 2845 390 2915 habeam
413 2877 519 2930 necne,
543 2859 693 2917 incertum
718 2859 767 2919 'st

145 2953 237 3036 Clam
259 2973 308 3010 me
330 2959 377 3012 est
397 2954 572 3034 profectus;
596 2975 717 3014 menses
740 2964 801 3014 tres
824 2956 918 3015 abest.

147 3049 211 3108 Ubi
233 3049 370 3128 comperi
392 3051 488 3108 exiis
510 3052 561 3131 qui
584 3052 669 3110 luere
691 3053 718 3110 ei
740 3053 866 3126 conscii,

147 3148 288 3206 Domum
311 3153 451 3205 revertor
472 3157 607 3220 mantua,
632 3157 723 3227 atque
746 3151 849 3208 animo
871 3151 933 3209 lere

92 3237 94 3244 ’
146 3242 345 3302 Conturbato
367 3250 459 3323 atque
480 3244 597 3302 incerto
621 3266 684 3324 prae
705 3247 898 3324 aegritudine.

145 3339 279 3399 Adsido.
305 3340 482 3399 Adcurrunt
504 3342 595 3414 servi,
619 3363 724 3400 soccos
746 3343 925 3404 detrahunt.

145 3436 249 3494 Video
272 3436 347 3496 alios
369 3437 523 3509 festinare,
548 3438 644 3496 lectos
665 3446 813 3511 sternere,

146 3534 267 3592 Cenum
288 3554 435 3612 apparare
448 3560 460 3610 ;¹
480 3556 534 3614 pro
556 3557 587 3592 se
609 3537 737 3614 quisque
760 3536 867 3596 sedulo

148 3627 329 3703 Faciebant,
353 3651 415 3708 quo
436 3631 518 3690 illam
540 3632 614 3689 mihi
637 3631 769 3690 lenirent
790 3633 954 3695 miseriam.

152 3726 215 3783 Ubi
237 3725 325 3784 video
347 3726 423 3800 haec,
447 3729 527 3808 coepi
550 3729 684 3806 cogitare
704 3747 711 3788 ι
729 3754 743 3784 «
760 3731 859 3790 Hem!
883 3738 930 3789 tot
951 3753 1016 3790 mea

544 3912 681 3964 ..471-
