2678 4250
132 149 215 206 364.
240 150 473 217 Importanoe
498 151 564 206 cles
592 147 782 205 exereioes
812 145 928 204 ecrits
946 160 1039 240 pour
1057 145 1132 202 ror-

342 302 347 311 ,
445 249 523 292 mer
542 235 567 292 a
584 233 817 304 l’e'loquenoe.

226 329 339 412 (Stilus
360 331 494 412 optimus
516 330 645 390 dicendi
663 330 790 409 effector
811 336 840 389 et
861 328 1036 410 magister.)

174 462 269 520 Stilus
295 462 431 541 optimus
455 470 485 520 et
509 461 780 541 praestantissimus
804 460 925 520 dicendi
950 461 1075 519 effector
1100 467 1129 518 et
1142 459 1198 516 llll.

134 559 279 636 magister
293 577 300 617 :
319 579 418 638 neque
431 559 554 638 injuria.
569 559 645 617 Nam
661 559 685 616 si
701 559 834 616 subitam
847 564 878 616 et
892 557 1051 615 fortuitam
1064 577 1134 614 ora-

135 656 248 714 tionem
264 656 484 714 commentatio
499 663 529 714 et
546 655 692 734 cogitatio
705 655 793 714 facile
810 655 917 726 vincit,
937 654 1015 712 hauc
1037 654 1134 732 ipsam

128 752 272 832 profecto
296 751 419 810 assidua
444 772 479 810 ac
499 752 629 829 diligens
655 752 805 830 scriptura
829 749 995 830 superabit.
1022 750 1137 809 Omnes

132 849 226 920 enim,
242 847 313 906 ‘sive
334 848 407 906 artis
432 855 505 906 sunt
521 847 591 918 loci,
604 848 666 906 sive
688 847 802 924 ingenii
824 847 985 926 cujusdam
1004 867 1039 905 ac
1062 863 1137 926 pru·-

127 945 258 1016 dentiae,
274 945 327 1024 qui
343 943 436 1003 modo
449 944 555 1002 insunt
568 943 599 1002 in
614 963 648 1003 ea
659 965 701 1015 re,
714 942 752 1002 de
770 964 830 1023 qua
844 943 1016 1015 scribimuS,
1028 942 1138 1022 anqui-

134 1040 275 1100 rentibus
307 1041 395 1099 nobis
432 1029 585 1120 omnique⁴
609 1040 674 1100 acie
707 1041 823 1118 ingenii
856 1031 1139 1119 contemplantibus

132 1137 303 1196 ostendunt
316 1157 348 1196 se
363 1143 394 1196 et
410 1145 588 1208 occurrunt,
608 1157 775 1216 omnesque
801 1137 960 1195 sententiae
983 1135 1138 1215 verbaque

132 1235 248 1303 omnia,
269 1254 338 1312 quae
358 1240 431 1291 sunt
450 1234 600 1312 cujusque
622 1233 742 1310 generis
759 1217 890 1292 maxime
917 1233 1057 1307 illustria,
1080 1231 1139 1290 suli

131 1351 263 1390 acumen
284 1330 345 1388 stili
368 1331 498 1388 subeant
518 1338 548 1388 et
568 1329 734 1389 succedant
755 1349 879 1388 necesse
900 1335 961 1397 est:
984 1335 1049 1388 tum
1072 1329 1139 1409 ipsa

132 1426 297 1486 collocatio
310 1427 576 1505 conformatioque
589 1427 753 1485 verborum
767 1426 926 1506 perficitur
935 1427 966 1484 in
977 1424 1139 1488 scribendo

132 1543 196 1582 non
214 1522 348 1602 poetico,
373 1522 424 1581 sed
445 1523 579 1602 quodam
599 1523 733 1581 oratorio
751 1543 878 1582 numero
895 1528 926 1581 et
942 1522 1045 1581 modo.
1064 1523 1141 1581 Haec

132 1626 209 1678 sunt
243 1640 313 1698 quae
334 1619 483 1678 clamores
502 1627 533 1677 et
555 1619 774 1678 admirationes
797 1619 829 1676 in
852 1619 942 1678 bonis
966 1619 1140 1678 oratoribus

131 1716 288 1787 efficiunt,
308 1736 407 1794 neque
420 1737 453 1774 ea
470 1719 644 1795 quisquam,
664 1717 723 1773 nisi
738 1715 790 1773 diu
809 1716 1002 1795 multumque
1017 1715 1140 1794 scripti·
1164 1757 1166 1762 .

133 1813 218 1884 tarit,
239 1812 358 1871 etiamsi
375 1810 644 1871 vehementissime
662 1812 739 1871 sein
756 1812 802 1870 his
822 1813 931 1870 subitis
951 1812 1141 1870 dictionibus

132 1910 318 1980 exercuerit,
338 1916 553 1988 consequetur.
575 1910 614 1966 Et
635 1909 688 1988 qui
708 1931 724 1967 a
746 1908 898 1967 scribendi
916 1909 1141 1975 consuetudine

132 2005 175 2065 ad
188 2006 353 2064 dicendum
364 2007 460 2076 venit,
473 2005 551 2063 hanc
561 2007 655 2064 ‘all'ert
666 2005 854 2077 facultatem,
868 2011 911 2076 ut,
930 2005 1021 2064 etiam
1037 2006 1141 2064 subito

133 2103 160 2160 si
184 2102 276 2172 dicat,
296 2106 400 2159 tamen
418 2101 468 2159 illa
491 2122 559 2180 quae
580 2101 723 2160 dieantur
745 2101 856 2160 similia
875 2102 1059 2180 scriptorum
1075 2123 1142 2160 esse

134 2198 315 2268 videantur;
343 2205 435 2277 atque
460 2202 562 2271 etiam,
585 2199 610 2256 si
636 2199 760 2278 quando
782 2199 814 2256 in
836 2199 1141 2278 dicendoscriptum

133 2295 277 2356 attulerit
301 2294 428 2374 aliquid,
453 2315 522 2353 cum
552 2295 589 2353 ab
618 2315 653 2353 eo
681 2296 865 2366 discesserit,
891 2296 1009 2374 reliqua
1033 2295 1142 2354 similis

134 2392 237 2452 oratio
263 2398 480 2471 consequetur.
507 2391 558 2462 Ut,
575 2392 730 2450 concitato
759 2393 892 2471 navigi0,
924 2413 995 2451 cum
1010 2393 1142 2471 remiges

133 2489 351 2560 inhibuerunt,
375 2492 487 2546 retinet
511 2495 614 2546 tamen
634 2489 698 2567 ipsa
716 2491 803 2547 navis
820 2496 938 2547 motum
961 2496 992 2548 et
1017 2509 1141 2548 cursum

134 2607 239 2656 suum,
256 2585 432 2643 intermisso
450 2587 565 2664 impetu
590 2585 740 2664 pulsuque
759 2604 935 2645 remorum:
958 2586 1001 2644 sic
1020 2586 1052 2644 in
1074 2607 1143 2644 ora-

134 2686 222 2742 tione
238 2689 397 2760 perpetua,
415 2702 484 2740 cum
505 2686 618 2760 scripta
634 2681 791 2752 deficiunt,
816 2702 920 2762 parem
941 2689 1044 2740 tamen
1062 2682 1143 2741 obti·

134 2785 192 2838 net
215 2781 314 2838 oratio
333 2777 450 2857 reliqua
472 2798 607 2852 cursum,
629 2780 814 2857 scriptorum
839 2779 1039 2838 similitudine
1061 2785 1092 2838 et
1110 2778 1142 2836 vi

133 2877 304 2936 concitata.

134 3017 226 3078 365.
246 3015 396 3073 Plaider
416 3017 460 3072 cle
479 3017 596 3072 bonne
615 3017 729 3072 heure
749 3017 815 3072 des
835 3029 970 3073 causes
993 3013 1141 3072 reelles.

132 3113 251 3193 (Veras
265 3132 359 3192 apere
372 3132 481 3172 causas
497 3117 618 3172 mature
627 3112 756 3192 juvenis
770 3117 876 3171 orator
887 3133 918 3170 se
930 3110 1141 3193 assuefaciat.)

176 3243 402 3304 Adulescentes
418 3264 479 3301 non
493 3243 605 3302 debent
621 3243 749 3302 nimium
761 3243 793 3301 in
806 3244 881 3302 falsa
892 3265 993 3302 rerum
1008 3243 1142 3322 imagine
1169 3235 1209 3298 3⁰

134 3340 225 3422 apud
251 3340 389 3399 rhetores
414 3339 555 3412 detineri,
580 3347 610 3399 et
635 3339 777 3400 inanibus
799 3361 830 3398 se
853 3339 1022 3398 simulacris
1046 3361 1143 3420 usque

134 3439 219 3500 adeo
241 3444 277 3495 ut
298 3436 430 3495 difficilis
450 3437 487 3495 ab
509 3437 557 3494 his
585 3436 740 3514 digressus
759 3437 799 3494 sit
822 3437 1078 3508 assuefacere,'ne
1104 3437 1143 3496 ab

131 3535 201 3606 illa,
222 3533 331 3612 inqua
351 3554 447 3612 prope
466 3540 706 3605 consenuerunt,
726 3533 843 3605 umbra,
860 3554 932 3592 vera
953 3533 1142 3605 discrimina,

132 3634 229 3689 velut
246 3629 409 3710 quemdam
428 3631 534 3704 solem,
552 3629 762 3690 reformident.
778 3630 865 3696 Quod
886 3630 1033 3689 accidisse
1050 3632 1143 3689 etiam

131 3727 252 3788 Porcio
276 3727 412 3800 Latroni,
437 3727 490 3806 qui
511 3728 629 3806 primus
650 3727 724 3786 clari
744 3727 876 3785 nominis
896 3729 1051 3808 professor
1072 3727 1142 3799 fuit,

226 3823 269 3866 Vie
276 3824 357 3876 privee
367 3827 405 3866 des
420 3823 538 3866 nortatus.
1053 3824 1076 3864 17

566 3878 722 3930 -257-
