2670 4252
498 149 696 190 msrnucrrou.
721 163 759 172 -
780 133 942 186 duucxrrorr

221 261 325 320 lateris
345 268 473 320 conatus
497 261 537 319 sit
551 260 612 334 ille,
632 281 695 320 non
714 259 838 340 capitis;
865 266 901 318 ut
916 266 1020 337 gestus
1043 257 1083 321 ad
1101 278 1219 330 vocem,

222 357 327 416 vultus
338 357 375 418 ad
389 365 507 436 gestum
530 357 795 435 accommodatum*
805 342 1115 432 Observandumerit
1130 356 1222 415 etiam

222 461 257 513 ut
281 462 365 514 recta
390 454 431 512 sit
453 455 546 513 facies
567 454 708 528 dicentis,
732 475 769 512 ne
791 453 876 512 labra
901 449 1163 534 distorqueamur,
1185 472 1224 512 ne

222 551 407 610 immodicus
419 551 525 610 hiatus
540 551 653 610 rictum
670 549 835 622 discindat,
852 571 890 612 ne
908 549 1038 629 supinus
1052 548 1168 621 vultus,
1185 569 1223 608 ne

138 629 145 641 ¹
221 632 333 728 dejecti
357 648 389 706 in
413 654 526 707 terram
548 647 640 721 oculi,
663 647 810 718 inclinata
834 646 983 705 utrolibet
994 646 1109 714 cervix,
1124 645 1225 705 Debet

205 745 314 810 ‚etiam
348 745 457 804 docere
486 745 642 823 magister,
675 743 831 824 quomodo
864 743 1063 814 narrandum,
1092 763 1154 823 qua
1185 742 1224 800 sit

222 827 637 914 auctoritate'suadendum,
661 862 721 921 qua
745 835 1142 918 concitationeconsurgat
1166 839 1222 910 ira,

205 937 275 1018 ‚qui
292 939 390 998 llexus
407 939 514 998 deceat
527 939 766 1024 miserationem,
782 937 872 1009 Quod
887 937 930 997 ita
945 936 1061 1018 optime
1073 935 1178 1009 faciet,
1199 934 1224 993 si

207 1042 322 1100 ,certos
353 1055 391 1094 ex
421 1035 581 1094 comoediis
602 1035 730 1113 elegerit
753 1035 837 1094 locos
865 1041 897 1093 et
926 1034 965 1094 ad
1002 1033 1062 1099 hoc
1092 1033 1225 1091 maxime

222 1131 361 1203 idoneos,
379 1132 409 1190 id
431 1139 488 1205 est,
508 1131 682 1190 actionibus
704 1131 829 1192 similes.
852 1131 1010 1204 Ceterum,
1036 1138 1105 1188 cum
1124 1129 1225 1208 legere

208 1229 379 1292 :orationes
394 1229 561 1308 oportebit,
576 1249 645 1287 cum
662 1229 791 1286 virtutes
809 1247 914 1287 earum
931 1227 996 1306 jam
1020 1227 1141 1300 sentiet,
1158 1234 1225 1284 tum

205 1324 296 1383 ‚mihi
321 1325 452 1402 diligens
484 1325 593 1403 aliquis
616 1345 650 1385 ao
676 1325 793 1404 peritus
822 1325 956 1396 assistat,
991 1344 1091 1404 neque
1124 1322 1225 1382 solum

205 1465 212 1473 „
224 1421 387 1480 lectionem
414 1422 537 1492 formet,
568 1439 675 1480 verum
702 1420 837 1481 ediscere
866 1421 960 1480 etiam
987 1420 1084 1480 electa
1113 1439 1151 1480 ex
1177 1419 1233 1478 his·

221 1525 360 1596 cogat,et
377 1539 412 1577 ea
430 1517 531 1577 dicere
545 1527 677 1577 stantem
693 1518 774 1576 clare
807 1524 839 1578 et
855 1516 1116 1597 quemadmodum
1135 1535 1226 1593 agere

222 1614 390 1694 oportebit.
457 1645 460 1656 =

360 1854 421 1910 43.
443 1854 546 1922 style
567 1852 707 1922 simple,
727 1850 900 1920 tempere,
923 1851 1086 1908 sublime.

209 1935 212 1967 i
292 1966 351 2048 (De
372 1937 550 2039 eatenuata,
574 1965 611 2024 de
633 1963 794 2039 mediocri,
817 1964 856 2024 de
876 1963 969 2046 pravi
989 1957 1155 2045 oratione.)

157 2152 197 2216 3.
263 2127 341 2184 Sunt
355 2125 450 2202 igitur
467 2124 525 2184 tria
540 2145 665 2201 genera,
685 2144 752 2202 quae
765 2143 876 2200 genera
890 2143 945 2180 nos
962 2123 1075 2200 figuras
1092 2117 1226 2200 appella-

223 2243 302 2294 mus,
316 2222 348 2279 in
362 2220 473 2300 quibus
486 2220 586 2278 omnis
601 2220 701 2280 oratio
712 2239 773 2304 non
785 2221 897 2279 vitiosa
907 2219 1119 2306 consumitur:
1118 2238 1227 2277 unam

224 2337 360 2394 gravem,
375 2317 502 2375 alteram
513 2316 711 2389 mediocrem,
725 2317 848 2375 tertiam
862 2322 1056 2375 extenuatam
1067 2319 1226 2374 vocamus

189 2414 335 2474 Gravis
363 2419 420 2484 est,
446 2430 525 2490 quae
546 2408 669 2468 constat
687 2429 725 2467 ex
751 2409 917 2466 'verborum
942 2411 1083 2500 grauium
1108 2409 1169 2467 levi
1196 2418 1226 2468 et

227 2521 335 2572 ornata
347 2531 421 2572 cons
423 2513 589 2576 tructione.
607 2495 775 2575 Mediocris
787 2523 843 2589 est,
861 2517 929 2595 quae
944 2537 1018 2575 cons
1021 2523 1064 2574 tat
1080 2537 1116 2574 ex
1131 2491 1231 2594 humi·

210 2610 322 2668 liore
309 2631 428 2689 ‚neque
444 2619 547 2670 tamen
562 2632 599 2671 ex
616 2611 720 2672 infima
735 2619 767 2671 et
780 2612 1047 2692 pervulgatissima
1064 2611 1229 2672 verborum

230 2707 394 2784 dignitate.
413 2710 582 2767 Attenuata
596 2715 652 2782 est,
671 2730 739 2788 quae
756 2709 887 2768 demissa
905 2716 951 2768 est
967 2730 1064 2790 usque
1080 2705 1230 2769 ad'usita-

221 2808 372 2866 tissimum
395 2809 464 2889 puri
489 2811 745 2870 consuetudinem
767 2812 930 2871 sermonis.
958 2813 993 2871 ln
1018 2813 1227 2891 gravi'figura
1323 2821 1324 2888 l

220 2913 422 2964 consumetur
447 2907 558 2990 oratio,
581 2907 618 2992 si,
642 2928 711 2988 quae
734 2907 885 2990 cujusque
907 2909 949 2968 rei
971 2916 1119 2990 poterunt
1137 2931 1228 2970 orna·
1323 2891 1324 2952 l

220 3001 338 3060 tissima
352 3002 445 3061 verba
455 3003 593 3082 reperiri,
610 3004 675 3062 sive
690 3005 815 3084 propria
829 3006 893 3064 sive
908 3006 1068 3076 translata,
1082 3006 1118 3064 ad
1132 3025 1228 3066 unam

223 3124 380 3184 quamque
413 3124 478 3162 rem
507 3104 834 3180 accommodabuntur,
860 3111 905 3176 ,et
923 3105 948 3162 si
976 3111 1227 3182 gravessenten·

224 3200 286 3272 tiae,
310 3221 378 3278 quae
402 3201 433 3258 in
450 3200 690 3280 amplificatione
707 3208 740 3281 et
754 3193 1029 3259 commiseratione
1044 3206 1229 3276 tractantur,

223 3295 389 3371 eligentur,
409 3304 440 3355 et
464 3297 489 3355 si
508 3298 724 3356 exornationes
742 3295 962 3356 sententiarum
981 3296 1229 3378 autverborum,

211 3401 292 3470 ''quae
310 3394 492 3469 gravitatem
511 3394 680 3467 habebunt,
699 3394 737 3453 de
755 3395 866 3474 quibus
883 3401 955 3474 post
972 3385 1119 3468 dicemus,
1140 3394 1229 3468 adhi-

222 3503 390 3566 bebuntur.
406 3504 481 3572 Quae
498 3502 631 3561 maxime
647 3502 761 3560 oratori
775 3501 1008 3565 accommodata
1022 3507 1069 3559 est
1083 3499 1232 3573 elocuti0,

222 3609 285 3659 tres
305 3622 352 3659 res
371 3601 403 3658 in
424 3621 455 3658 se
476 3599 567 3657 debet
583 3597 723 3657 habere:
745 3595 1231 3677 elegantiam,compositionem,

220 3696 356 3770 dignitat
344 3705 417 3755 tem
