2678 4250
149 179 231 238 245.
252 181 406 249 Morene
425 183 469 237 de
490 179 616 252 guerir
633 185 690 240 les
709 184 837 242 chiens
856 185 1015 244 etteints
1118 149 1120 152 Ι

470 273 514 327 de
533 271 572 327 la
591 284 693 344 rege.

222 387 392 471 (Quomodo
414 413 527 452 eanum
549 393 650 454 rabiei
669 393 941 478 subveniendum.)

122 563 263 648 Namque
286 567 369 628 subit
391 569 479 629 nodis
501 591 561 651 qua
583 570 688 648 lingua
710 573 869 632 tenacibus
890 556 986 632 haret
1108 561 1151 626 3⁶

120 661 345 745 (Vermiculum
361 666 473 742 dixere)
495 667 573 726 mala
597 676 687 748 atque
710 669 868 728 incondita
890 669 995 749 pestis.

120 757 187 834 Ille,
211 759 263 819 ubi
285 763 363 822 salsa
384 763 435 822 siti
457 764 603 844 praecepit
623 765 739 824 viscera
760 765 861 844 longa,
1094 756 1097 760 ’

118 855 258 918 AEstivos
280 858 404 920 vibrans
426 861 562 920 accensis
583 860 719 920 febribus
741 863 839 942 ignes,

119 951 313 1038 Moliturque
334 957 422 1034 fugas
444 965 474 1016 et
495 958 597 1016 sedem
619 960 735 1039 spernit
757 967 900 1019 amatam.

118 1049 245 1111 Scilicet
266 1051 325 1112 hoc
346 1060 431 1113 motu
454 1055 648 1136 stimulisque
669 1056 848 1135 potentibus
871 1057 948 1116 acti·

22 1189 23 1192 η
118 1147 156 1212 In
178 1149 273 1209 furias
295 1157 414 1210 vertere
436 1172 526 1210 canes
550 1170 557 1212 :
581 1173 653 1231 ergo
674 1153 767 1212 insita
788 1154 869 1212 ferro

115 1251 187 1310 Jam
209 1247 322 1307 teneris
344 1248 494 1308 elementa
516 1249 587 1308 mali
609 1271 776 1330 causasque
797 1249 952 1310 recidunt.

22 1351 23 1404 ἒ
116 1348 183 1406 Nec
204 1346 296 1423 longa
318 1345 349 1403 in
371 1345 453 1404 sacto
476 1346 626 1406 medicina
648 1355 694 1405 est
716 1347 841 1407 ulcere:
865 1367 976 1427 purum

22 1467 24 1506 3
116 1446 234 1524 Sparge
256 1441 360 1518 salem,
385 1451 415 1501 et
435 1443 520 1502 tenui
542 1442 696 1522 permulce
716 1443 828 1511 vulnus
850 1443 944 1503 olivo.
1058 1517 1059 1520 Ἴ

116 1544 199 1600 Ante
221 1539 317 1598 relata
339 1560 409 1598 suas
430 1560 522 1619 quarn
545 1561 606 1599 nox
627 1540 705 1599 bene
727 1540 881 1621 compleat
903 1539 1037 1612 umbras,

22 1625 23 1632 ἵ
116 1638 197 1696 Ecce
218 1636 328 1712 aderit,
352 1636 485 1716 laetique
507 1637 621 1696 oblitus
642 1637 778 1696 vulneris
800 1637 880 1696 ultro

22 1797 23 1800 Ἴ
117 1733 281 1792 Blanditur
302 1733 425 1806 mensis,
450 1733 654 1814 Cereremque
676 1734 823 1812 efflagitat
844 1754 911 1795 ore.

116 1830 198 1898 Quid
220 1830 335 1910 priscas
357 1835 437 1888 artes
458 1829 644 1910 inventaque
666 1831 813 1910 simplicis
834 1831 906 1889 anni

116 1923 149 1981 Si
172 1923 330 1982 reseram?
352 1942 414 1980 uon
436 1922 486 1980 illa
509 1930 608 1982 metus
630 1922 743 1982 solacia
764 1922 833 1982 falsi

117 2019 194 2078 Tam
216 2019 340 2097 longam
363 2026 480 2077 traxere
502 2019 619 2078 fidem:
643 2019 805 2078 collaribus
827 2040 899 2098 ergo

22 2141 23 2188 t
120 2116 202 2175 Sunt
222 2116 274 2197 qui
296 2115 441 2193 lucifugae
462 2118 570 2175 cristas
592 2117 737 2175 inducere
758 2116 845 2175 melis

116 2213 253 2286 Jussere‚
278 2220 331 2272 aut
352 2213 445 2271 sacris
466 2219 606 2272 conserta
628 2212 755 2272 monilia
777 2213 913 2286 conchis,

22 2333 24 2396 ς
117 2309 158 2368 Et
180 2309 285 2369 vivum
308 2309 453 2388 lapidem,
477 2317 508 2368 et
528 2310 609 2368 eirca
630 2310 805 2368 Melitensia
826 2316 955 2371 nectunt

118 2405 242 2466 Coralia
265 2414 296 2465 et
316 2407 442 2484 magieis
464 2407 586 2486 adjutas
607 2407 749 2466 cantibus
770 2406 890 2468 herbas.

186 2820 336 2900 (Quantus
357 2819 399 2880 sit
418 2821 541 2902 fructus
563 2842 655 2902 quem
678 2820 813 2882 reddunt
834 2821 962 2902 vineae.)

22 2679 24 2800 l
315 2698 398 2757 246.
420 2703 570 2756 Revenu
589 2701 634 2756 de
653 2699 692 2756 le
710 2699 831 2790 vigne.

117 2998 155 3056 ld
177 3019 273 3076 genus
295 2997 522 3075 agricolationis
544 2997 675 3057 maxime
696 2998 739 3057 rei
761 2997 902 3057 familiari
919 2998 1074 3065 conducit.
1105 3009 1147 3074 2⁰

22 3087 24 3172 l
75 3081 178 3168 Nam,¹
192 3102 226 3155 ut
238 3093 440 3174 amplissimas
456 3094 611 3174 impensas
627 3095 724 3153 vineae
737 3102 875 3174 poscant,
900 3102 1076 3154 nontamen

22 3187 23 3218 ³
75 3192 232 3252 excedunt
246 3198 364 3271 septem
382 3191 491 3270 jugera
505 3191 596 3250 unius
618 3211 741 3271 operam
763 3191 906 3250 vinitoris
920 3211 927 3264 3
942 3192 1038 3271 isque,
1052 3191 1077 3250 si

22 3295 23 3326 ³
75 3290 116 3348 sit
139 3296 258 3368 emptus
278 3288 489 3347 sestertiorum
521 3295 591 3346 octo
614 3288 749 3361 milibus,
769 3309 838 3347 cum
856 3288 957 3367 ipsum
978 3288 1075 3347 solum

75 3392 195 3466 septem
224 3386 368 3467 jugerum
401 3373 530 3444 totidem
563 3385 687 3444 milibus
714 3405 909 3444 nummorum
941 3392 1075 3463 partum,

22 3489 23 3516 ³
75 3483 244 3562 vineasque
261 3503 330 3541 cum
344 3503 398 3541 sua
414 3482 496 3554 dote,
512 3481 544 3539 id
557 3489 604 3540 est
618 3502 687 3540 eum
707 3481 898 3561 pedamentis
911 3489 941 3540 et
953 3482 1077 3540 vimini-

74 3580 147 3652 bus
169 3579 249 3638 binis
263 3578 388 3638 milibus
407 3579 439 3636 in
460 3578 579 3655 singula
593 3578 703 3659 jugera
719 3578 835 3658 positas
853 3578 942 3650 duco,
959 3578 995 3636 fit
1010 3586 1075 3636 turn

72 3676 108 3735 in
139 3697 235 3735 assem
269 3683 513 3735 consummatum
555 3676 688 3754 pretium
725 3675 933 3733 sestertiorum
975 3676 1077 3734 XXIX

22 3823 23 3848 Ξ
71 3772 207 3834 milium.
242 3773 312 3832 Huc
340 3771 490 3830 accedunt
515 3772 654 3830 semisses
679 3793 841 3830 usurarum
865 3772 1075 3830 sestertiorum

22 3631 23 3662 l

22 3671 24 3700 l

499 3932 655 3982 -171-
