2682 4258
517 167 551 206 ra
574 167 618 204 vra
640 151 739 206 enivda
760 167 812 204 nas
834 165 976 222 nonnas

241 282 373 349 Arcana,
396 277 517 358 qualem
541 277 668 339 Cereris
685 277 752 335 vult
774 298 838 336 esse
861 277 1014 349 sacerdos,

243 374 311 434 Ulla
329 375 425 433 aliena
447 375 505 433 sibi
527 375 632 434 credat
653 375 758 434 mata?
780 375 907 453 Separat
927 372 986 431 hoc
1007 393 1064 432 nos

241 473 268 530 Α
290 491 381 549 grege
401 477 570 544 mutorum,
593 479 686 552 atque
709 470 777 530 ideo
799 469 974 529 venerabile
997 468 1054 528 soli

240 567 350 626 Sortiti
371 567 529 645 ingenium
566 569 805 646 divinorumque
827 583 955 646 capaces
1019 589 1021 592 ·

240 666 343 743 Atque
365 664 543 723 exercendis
567 664 782 744 pariendisque
804 663 921 722 artibus
943 661 1007 742 apti

240 761 369 820 Sensum
392 782 410 820 a
431 761 546 820 caelesti
568 761 735 820 demissum
758 762 905 819 traximus
927 779 1006 830 arce,

240 857 339 938 Cujus
361 864 453 935 egent
473 877 571 938 prona
592 865 623 916 et
645 865 755 916 terram
778 856 959 936 spectantia.
984 853 1094 928 Mundi

241 953 399 1034 Principio
420 953 549 1013 indulsit
570 953 742 1013 communis
763 953 907 1012 conditor
928 952 988 1011 illis
1101 1024 1108 1050 s

131 1078 132 1084 ¹
238 1051 371 1109 Tantum
393 1051 520 1119 animas,
545 1051 635 1109 nobis
656 1050 793 1108 animum
816 1071 949 1130 quoque,
981 1056 1107 1107 mutuus
1129 1053 1166 1107 ut
1187 1065 1247 1106 nos

240 1147 376 1206 Allectus
397 1154 500 1226 petere
523 1147 670 1206 auxilium
693 1154 724 1204 et
745 1154 891 1226 praestare
910 1145 1047 1225 juberet;

238 1242 403 1302 AEdilioare
425 1243 544 1314 domos,
570 1243 697 1303 Laribus
716 1243 907 1322 conjungere
931 1241 1042 1300 nostris

217 1391 221 1398 .
238 1339 365 1398 Tectum
389 1339 482 1413 aliud,
505 1348 588 1399 tutos
605 1340 708 1399 vicino
729 1339 835 1398 limine
853 1351 981 1397 'somnos

240 1435 283 1495 Ut
302 1436 413 1495 collata
434 1435 521 1495 daret
540 1437 664 1498 fiducia.
729 1467 740 1488 ·

454 1673 539 1732 461.
560 1671 758 1744 Pre'oeptes
778 1675 815 1732 et
833 1673 1024 1734 maximos.

447 1819 450 1826 ·
500 1791 684 1871 (Praecepta
705 1795 734 1848 et
754 1787 947 1867 sententiae.)

170 1953 212 2020 2⁹
297 1962 346 2023 Ad
366 1964 485 2024 tristem
508 1970 625 2044 partem
646 1941 771 2025 strenua
793 1972 839 2023 est
860 1964 1004 2043 auspiciu.

297 2059 353 2119 AEs
373 2060 543 2120 debitorem
566 2061 643 2133 leve,
668 2081 761 2138 grave
783 2061 940 2120 inimicum
962 2061 1047 2120 facit.

297 2157 432 2216 Alterius
454 2157 600 2215 damnum
622 2158 767 2234 gaudium
791 2158 871 2216 haud
893 2157 986 2215 facias
1008 2165 1108 2220 tuum.

297 2253 441 2312 Beneficii
463 2274 642 2335 numquam,
666 2255 728 2314 cito
750 2254 813 2313 dati
836 2254 1026 2313 obliviscere.
1053 2250 1056 2256 ’

296 2350 453 2409 Bonorum
475 2350 590 2408 crimen
612 2357 659 2410 est
679 2352 833 2410 officiosus
855 2352 957 2411 miser.

297 2446 408 2505 Comes
430 2446 579 2505 facundus
602 2447 633 2506 in
656 2449 705 2506 via
728 2469 784 2528 pro
805 2448 949 2506 vehiculo
972 2455 1028 2507 est.

296 2542 354 2602 Cui
376 2543 444 2622 plus
466 2543 537 2602 licet
558 2565 649 2624 quam
672 2553 805 2624 penest,
829 2545 899 2624 plus
921 2545 989 2603 vult
1010 2565 1101 2625 quam
1124 2543 1210 2604 licet.

297 2639 404 2699 Cuivis
425 2648 527 2720 potest
548 2641 696 2713 accidere,
721 2641 803 2720 quod
825 2642 970 2721 cuiquam
992 2648 1105 2720 potest.

296 2737 425 2811 Gravest,
449 2737 533 2816 quod
554 2738 656 2797 fronte
677 2739 747 2798 laeta
769 2738 834 2810 das,
859 2739 940 2796 tristi
962 2737 1070 2818 accipi.

288 2833 427 2892 Heredis
446 2834 538 2892 fletus
560 2835 616 2894 sub
638 2855 768 2914 persona
791 2836 870 2894 risus
893 2842 949 2894 est.

298 2931 444 3010 lnjuriam
467 2926 658 3010 ipse'laciaS‚
684 2932 735 2990 ubi
758 2953 819 2990 non
842 2932 991 2992 vindices,

297 3028 397 3086 lratus
418 3027 460 3086 nil
483 3048 544 3086 non
566 3027 702 3087 criminis
724 3028 865 3108 loquitur
885 3029 963 3088 locO.

296 3124 494 3184 Maledictum
517 3124 747 3204 interpretando
769 3125 864 3184 facias
887 3125 997 3186 acrius·

297 3221 432 3280 Nimium
455 3220 630 3280 altercando
652 3222 766 3282 veritas
788 3222 950 3284 amittitur.

297 3318 370 3378 Pars
392 3317 529 3376 beneficii
551 3325 608 3388 est,
632 3319 715 3397 quod
737 3319 864 3398 petitur,
888 3319 914 3377 si
936 3318 1017 3378 belle
1039 3339 1143 3398 neges

296 3415 354 3481 Qui
375 3414 715 3487 timet‘amicum‚'vim
737 3435 799 3473 non
820 3416 910 3498 novit
930 3415 1075 3476 nominis

295 3512 384 3578 Quod
405 3511 473 3570 vult
493 3511 595 3584 habet,
620 3511 673 3591 qui
694 3511 772 3570 velle
794 3513 876 3590 quod
899 3514 973 3571 satis
995 3520 1041 3572 est
1061 3519 1175 3593 potest.

294 3609 369 3667 Tam
391 3608 477 3667 deest
496 3628 589 3668 avaro
609 3609 691 3688 quod
713 3609 806 3680 habet
827 3630 918 3688 quam
941 3610 1023 3690 quod
1046 3630 1108 3668 non
1130 3609 1239 3674 habet.

294 3705 405 3784 Turpis
427 3705 530 3784 inopia
553 3713 609 3778 est,
633 3725 701 3785 quae
724 3705 860 3765 nascitur
882 3706 919 3764 de
941 3706 1051 3785 gloria.
