2678 4250
135 177 214 234 337.
235 176 416 246 Pourquoi
435 177 591 233 Marttal
610 175 786 234 voudrett
806 177 886 232 etre
905 175 1020 232 riche.

303 272 381 353 (Cur
402 271 486 334 dives
508 293 572 332 esse
594 270 750 332 Martialis
767 271 864 354 velit.)

164 429 271 490 Credis
293 431 332 491 ob
355 431 429 490 baec
450 451 509 502 me,
535 431 652 503 Pastor,
677 452 751 510 opes
773 431 902 490 fortasse
924 451 1032 508 rogare
1111 437 1151 502 3·

203 527 333 606 Propter
348 549 432 607 vquae
455 528 565 605 vulgus
585 549 727 607 vanaque
749 528 840 587 turba
863 535 950 605 rogat
973 547 979 588 :
1094 559 1096 562 ·

166 623 208 683 Ut
228 623 359 684 fecunda
382 645 465 684 meos
487 632 650 683 consumat
673 625 760 704 gleba
783 625 912 702 ligoneS,

205 720 243 780 Et
263 729 352 780 sonet
372 723 532 780 innumera
554 723 702 802 compede
724 722 842 780 Tuscus
864 742 944 800 ager,

166 817 207 877 Ut
229 815 330 878 Mauri
352 819 474 898 Libycis
496 827 619 878 centum
641 815 722 877 stent
744 818 887 878 dentibus
908 817 1008 886 orbeS,

205 914 243 974 Et
264 924 369 994 crepet
390 916 421 975 in
444 916 557 974 nostris
580 937 672 974 aurea
694 916 795 974 lamna
818 915 905 988 tome,

165 1011 228 1071 Nec
248 1013 340 1071 labris
363 1013 421 1071 nisi
443 1033 552 1090 magna
574 1013 649 1071 meis
671 1012 813 1092 crystalla
835 1020 986 1085 terantur,

205 1109 243 1168 Et
264 1110 377 1169 saciant
400 1109 502 1188 nigras
524 1117 629 1168 nostra
652 1109 780 1169 Falerna
802 1110 900 1178 niveS,

166 1204 209 1265 Ut
229 1206 345 1266 multus
367 1207 474 1265 Romae
497 1213 604 1265 n'ostro
626 1207 722 1286 Syrus
743 1226 843 1266 assere
865 1205 964 1278 sudet,

205 1303 398 1383 Pulchraque
421 1303 460 1362 sit
482 1304 565 1362 culto
588 1304 661 1363 sella
683 1304 794 1362 cliente
817 1302 971 1383 frequens,
1011 1299 1013 1303 ’

168 1399 211 1459 Ut
230 1399 381 1460 lutulenta
403 1400 481 1460 linat
501 1401 608 1480 Tyrias
630 1401 706 1458 mihi
728 1401 809 1459 mula
831 1400 978 1473 lacernas,
1069 1385 1072 1391 ¹

206 1497 244 1557 Et
266 1496 430 1556 Numidam
454 1505 523 1556 ante
543 1517 649 1555 omnes
665 1497 750 1575 virga
773 1497 924 1576 gubernet
945 1497 1086 1576 equum?

164 1591 219 1651 Est
241 1591 318 1651 nihil
340 1615 376 1652 ex
398 1593 484 1653 istis:
509 1594 643 1672 Superos
665 1614 700 1652 ac
722 1585 822 1652 sidera
845 1600 952 1653 testor.

180 1709 184 1716 ’
206 1690 285 1766 Ergo
307 1689 401 1769 quid?
425 1689 466 1749 Ut
487 1690 598 1749 donem
621 1689 715 1748 ditior
735 1711 800 1748 esse
821 1689 926 1751 velim.

166 1785 303 1846 Callidus
326 1790 448 1846 etlracta
471 1807 613 1846 nummos
635 1787 685 1844 lur
706 1787 824 1856 auferet
844 1805 925 1860 arca,

206 1883 274 1941 Non
298 1883 406 1942 reddet
428 1884 540 1942 sterilis
561 1884 677 1942 semina
696 1883 780 1962 jacta
803 1903 906 1960 seges3

165 1979 295 2039 Debitor
315 2001 438 2039 usuram
461 1978 576 2060 pariter
597 1987 773 2059 sortemque
794 1980 935 2058 negabit;

206 2077 361 2137 Mercibus
382 2085 552 2136 exstructas
574 2078 684 2136 obruet
706 2077 787 2136 unda
809 2085 890 2136 rates
915 2096 921 2137 :
981 2124 985 2136 .

166 2169 259 2228 Extra
281 2169 438 2229 fortunam
461 2178 506 2229 est
528 2169 679 2249 quidquid
701 2169 835 2228 donatur
856 2169 980 2244 amicis;

204 2265 286 2334 Quas
308 2266 439 2339 dederis,
464 2267 543 2326 solas
565 2287 686 2347 semper
708 2267 834 2326 habebis
856 2287 940 2346 opes.

126 2457 210 2524 338.
229 2461 286 2517 Un
304 2461 411 2530 poete
430 2473 572 2530 pauvre
592 2414 785 2529 applaudit
805 2461 830 2518 5
849 2472 894 2518 55
914 2460 1040 2534 gleire.

305 2555 310 2562 '
351 2555 460 2636 (Fama
482 2577 537 2616 sua
562 2557 695 2616 laetatur
715 2559 828 2638 poeta.)

25 2695 27 2726 ³
89 2690 159 2754 Esse
182 2696 255 2776 quid
277 2696 336 2756 hoc
357 2696 457 2757 dicam
480 2698 560 2756 vivis
582 2697 665 2776 qnod
688 2698 768 2756 lama
791 2705 921 2776 negatur
999 2682 1002 2687 ’
1116 2705 1154 2768 2⁰

25 2823 27 2832 v
126 2792 165 2850 Et
186 2815 240 2853 sua
262 2792 346 2874 quod
369 2815 454 2853 rarus
476 2801 614 2874 tempora
637 2795 733 2852 lector
754 2797 858 2854 amat?

25 2879 26 2902 ³
89 2887 127 2946 Hi
149 2899 221 2949 sunt
241 2890 377 2950 invidiae
400 2892 555 2964 nimirum,
580 2892 708 2970 Regule,
734 2912 845 2964 moreS,

124 2985 281 3047 Praeferat
301 2989 446 3066 antiquos
468 3008 588 3066 semper
610 2996 643 3046 ut
666 2987 716 3045 illa
740 2988 840 3047 novis.

88 3078 135 3139 Sic
156 3091 291 3143 veterem
313 3084 426 3161 ingrati
449 3085 576 3164 Pompei
599 3085 774 3164 quaerimus
797 3084 948 3157 umbram,

124 3178 176 3238 Sic
197 3180 322 3240 laudant
344 3181 447 3240 Catuli
469 3182 542 3240 vilia
565 3181 677 3261 templa
700 3201 807 3254 senes;

87 3272 271 3337 Ennius'est
291 3278 389 3337 lectus
412 3278 497 3337 salvo
519 3278 586 3348 tibi,
612 3278 721 3344 Roma,
747 3279 886 3352 Marone,

126 3373 165 3432 Et
189 3395 240 3434 sua
262 3375 395 3434 riserunt
416 3375 536 3433 saecula
559 3375 768 3451 Maeoniden3

87 3467 167 3528 Rara
190 3478 335 3530 coronato
357 3471 497 3556 plausere
518 3471 639 3530 theatra
662 3472 843 3531 Menandro.

125 3567 224 3625 Norat
244 3567 397 3626 Nasonem
421 3568 486 3626 sola
508 3568 644 3627 Corinna
667 3590 774 3627 suum.⁴

87 3661 146 3721 Vos
169 3670 271 3722 tamen
293 3684 311 3722 o
333 3665 430 3722 nostri
452 3685 490 3722 ne
511 3664 654 3724 festinate
676 3665 771 3724 libelli
795 3683 801 3724 τ

123 3761 155 3818 Si
179 3762 331 3839 postlata
353 3762 439 3820 venit
460 3761 568 3839 gloria,
592 3783 654 3820 non
677 3782 819 3842 propero.
842 3796 882 3810 -

508 3923 664 3973 -237-
