<?xml version="1.0" encoding="UTF-8"?>
<!DOCTYPE html PUBLIC "-//W3C//DTD XHTML 1.0 Transitional//EN"
    "http://www.w3.org/TR/xhtml1/DTD/xhtml1-transitional.dtd">
<html xmlns="http://www.w3.org/1999/xhtml" xml:lang="en" lang="en">
 <head>
  <title>
</title>
<meta http-equiv="Content-Type" content="text/html;charset=utf-8" />
  <meta name='ocr-system' content='tesseract 3.04.00' />
  <meta name='ocr-capabilities' content='ocr_page ocr_carea ocr_par ocr_line ocrx_word'/>
</head>
<body>
  <div class='ocr_page' id='page_1' title='image "./depublicaprivat00arnagoog_0098.png"; bbox 0 0 2670 4252; ppageno 0'>
   <div class='ocr_carea' id='block_1_1' title="bbox 23 12 403 153">
    <p class='ocr_par' dir='ltr' id='par_1_1' title="bbox 23 12 403 153">
     <span class='ocr_line' id='line_1_1' title="bbox 23 12 403 153; baseline -0.005 -2"><span class='ocrx_word' id='word_1_1' title='bbox 23 12 403 153; x_wconf 60' lang='lat'>*⁷</span> 
     </span>
    </p>
   </div>
   <div class='ocr_carea' id='block_1_2' title="bbox 148 190 1050 262">
    <p class='ocr_par' dir='ltr' id='par_1_2' title="bbox 148 190 1050 262">
     <span class='ocr_line' id='line_1_2' title="bbox 148 190 1050 262; baseline -0.009 -12"><span class='ocrx_word' id='word_1_2' title='bbox 148 193 205 250; x_wconf 78' lang='lat'>74.</span> <span class='ocrx_word' id='word_1_3' title='bbox 224 193 434 249; x_wconf 83' lang='lat' dir='ltr'>N’abusons</span> <span class='ocrx_word' id='word_1_4' title='bbox 453 205 523 262; x_wconf 84' lang='lat' dir='ltr'>pas</span> <span class='ocrx_word' id='word_1_5' title='bbox 543 193 609 250; x_wconf 84' lang='lat' dir='ltr'>des</span> <span class='ocrx_word' id='word_1_6' title='bbox 629 191 819 250; x_wconf 85' lang='lat' dir='ltr'>exerciees</span> <span class='ocrx_word' id='word_1_7' title='bbox 837 190 1050 261; x_wconf 82' lang='lat' dir='ltr'>phystques.</span> 
     </span>
    </p>
   </div>
   <div class='ocr_carea' id='block_1_3' title="bbox 204 353 991 438">
    <p class='ocr_par' dir='ltr' id='par_1_3' title="bbox 204 353 991 438">
     <span class='ocr_line' id='line_1_3' title="bbox 204 353 991 438; baseline -0.003 -20"><span class='ocrx_word' id='word_1_8' title='bbox 204 356 565 436; x_wconf 78' lang='lat' dir='ltr'>(Ne-exercitationibus</span> <span class='ocrx_word' id='word_1_9' title='bbox 589 357 721 417; x_wconf 78' lang='lat' dir='ltr'>nim-ium</span> <span class='ocrx_word' id='word_1_10' title='bbox 744 353 991 438; x_wconf 71' lang='lat' dir='ltr'>indulqeamua.)</span> 
     </span>
    </p>
   </div>
   <div class='ocr_carea' id='block_1_4' title="bbox 97 630 1190 2842">
    <p class='ocr_par' dir='ltr' id='par_1_4' title="bbox 97 630 1190 2842">
     <span class='ocr_line' id='line_1_4' title="bbox 139 630 1166 718; baseline -0.005 -21"><span class='ocrx_word' id='word_1_11' title='bbox 139 638 238 699; x_wconf 91' lang='lat' dir='ltr'>Stulta</span> <span class='ocrx_word' id='word_1_12' title='bbox 253 647 341 699; x_wconf 90' lang='lat' dir='ltr'>estet</span> <span class='ocrx_word' id='word_1_13' title='bbox 357 641 482 699; x_wconf 88' lang='lat' dir='ltr'>minime</span> <span class='ocrx_word' id='word_1_14' title='bbox 499 641 686 699; x_wconf 89' lang='lat' dir='ltr'>conveniens</span> <span class='ocrx_word' id='word_1_15' title='bbox 700 640 837 700; x_wconf 85' lang='lat' dir='ltr'>litterato</span> <span class='ocrx_word' id='word_1_16' title='bbox 851 639 917 698; x_wconf 90' lang='lat' dir='ltr'>viro</span> <span class='ocrx_word' id='word_1_17' title='bbox 932 641 1094 718; x_wconf 87' lang='lat' dir='ltr'>occupatio</span> <span class='ocrx_word' id='word_1_18' title='bbox 1109 630 1166 692; x_wconf 73' lang='lat' dir='ltr'>aa.</span> 
     </span>
     <span class='ocr_line' id='line_1_5' title="bbox 100 732 1094 811; baseline 0 -17"><span class='ocrx_word' id='word_1_19' title='bbox 100 737 261 798; x_wconf 79' lang='lat' dir='ltr'>exercendi</span> <span class='ocrx_word' id='word_1_20' title='bbox 274 737 415 811; x_wconf 76' lang='lat' dir='ltr'>lacertoS,</span> <span class='ocrx_word' id='word_1_21' title='bbox 424 746 454 796; x_wconf 89' lang='lat' dir='ltr'>et</span> <span class='ocrx_word' id='word_1_22' title='bbox 462 737 610 796; x_wconf 89' lang='lat' dir='ltr'>dilatandi</span> <span class='ocrx_word' id='word_1_23' title='bbox 621 739 782 810; x_wconf 90' lang='lat' dir='ltr'>cervicem,</span> <span class='ocrx_word' id='word_1_24' title='bbox 791 758 826 796; x_wconf 86' lang='lat' dir='ltr'>ac</span> <span class='ocrx_word' id='word_1_25' title='bbox 837 737 931 796; x_wconf 89' lang='lat' dir='ltr'>latera</span> <span class='ocrx_word' id='word_1_26' title='bbox 940 732 1094 794; x_wconf 82' lang='lat' dir='ltr'>firmandi.</span> 
     </span>
     <span class='ocr_line' id='line_1_6' title="bbox 101 831 1098 913; baseline -0.002 -22"><span class='ocrx_word' id='word_1_27' title='bbox 101 831 178 891; x_wconf 93' lang='lat' dir='ltr'>Cum</span> <span class='ocrx_word' id='word_1_28' title='bbox 202 833 257 892; x_wconf 88' lang='lat' dir='ltr'>tibi</span> <span class='ocrx_word' id='word_1_29' title='bbox 288 834 418 893; x_wconf 79' lang='lat' dir='ltr'><strong>feliciter</strong></span> <span class='ocrx_word' id='word_1_30' title='bbox 439 834 543 913; x_wconf 84' lang='lat' dir='ltr'>sagina</span> <span class='ocrx_word' id='word_1_31' title='bbox 572 835 698 893; x_wconf 88' lang='lat' dir='ltr'>cesserit</span> <span class='ocrx_word' id='word_1_32' title='bbox 718 843 748 893; x_wconf 91' lang='lat' dir='ltr'>et</span> <span class='ocrx_word' id='word_1_33' title='bbox 769 834 829 894; x_wconf 90' lang='lat' dir='ltr'>tori</span> <span class='ocrx_word' id='word_1_34' title='bbox 854 833 1017 903; x_wconf 81' lang='lat' dir='ltr'>creverint,</span> <span class='ocrx_word' id='word_1_35' title='bbox 1041 850 1098 889; x_wconf 93' lang='lat' dir='ltr'>nec</span> 
     </span>
     <span class='ocr_line' id='line_1_7' title="bbox 101 927 1098 1012; baseline 0.001 -27"><span class='ocrx_word' id='word_1_36' title='bbox 101 929 180 988; x_wconf 87' lang='lat' dir='ltr'>vires</span> <span class='ocrx_word' id='word_1_37' title='bbox 203 951 348 1010; x_wconf 87' lang='lat' dir='ltr'>umquam</span> <span class='ocrx_word' id='word_1_38' title='bbox 377 931 472 1010; x_wconf 89' lang='lat' dir='ltr'><strong>opimi</strong></span> <span class='ocrx_word' id='word_1_39' title='bbox 495 931 583 990; x_wconf 92' lang='lat' dir='ltr'>bovis</span> <span class='ocrx_word' id='word_1_40' title='bbox 603 952 659 991; x_wconf 90' lang='lat' dir='ltr'>nec</span> <span class='ocrx_word' id='word_1_41' title='bbox 676 931 797 1011; x_wconf 91' lang='lat' dir='ltr'>pondus</span> <span class='ocrx_word' id='word_1_42' title='bbox 817 930 963 1012; x_wconf 83' lang='lat' dir='ltr'>aequabis.</span> <span class='ocrx_word' id='word_1_43' title='bbox 989 927 1098 1007; x_wconf 86' lang='lat' dir='ltr'>Adjice</span> 
     </span>
     <span class='ocr_line' id='line_1_8' title="bbox 100 1025 1099 1108; baseline 0 -25"><span class='ocrx_word' id='word_1_44' title='bbox 100 1046 180 1085; x_wconf 90' lang='lat' dir='ltr'>nunc</span> <span class='ocrx_word' id='word_1_45' title='bbox 209 1027 290 1108; x_wconf 92' lang='lat' dir='ltr'>quod</span> <span class='ocrx_word' id='word_1_46' title='bbox 317 1028 432 1108; x_wconf 84' lang='lat' dir='ltr'>majore</span> <span class='ocrx_word' id='word_1_47' title='bbox 458 1028 596 1107; x_wconf 90' lang='lat' dir='ltr'>corporis</span> <span class='ocrx_word' id='word_1_48' title='bbox 622 1028 740 1087; x_wconf 85' lang='lat' dir='ltr'>sarcina</span> <span class='ocrx_word' id='word_1_49' title='bbox 764 1028 884 1088; x_wconf 83' lang='lat' dir='ltr'>animus</span> <span class='ocrx_word' id='word_1_50' title='bbox 908 1025 1043 1097; x_wconf 83' lang='lat' dir='ltr'>eliditur,</span> <span class='ocrx_word' id='word_1_51' title='bbox 1069 1032 1099 1084; x_wconf 90' lang='lat' dir='ltr'>et</span> 
     </span>
     <span class='ocr_line' id='line_1_9' title="bbox 100 1122 1098 1204; baseline 0 -25"><span class='ocrx_word' id='word_1_52' title='bbox 100 1123 200 1182; x_wconf 89' lang='lat' dir='ltr'>minus</span> <span class='ocrx_word' id='word_1_53' title='bbox 225 1123 312 1201; x_wconf 85' lang='lat' dir='ltr'>agilis</span> <span class='ocrx_word' id='word_1_54' title='bbox 339 1132 397 1186; x_wconf 82' lang='lat' dir='ltr'>est.</span> <span class='ocrx_word' id='word_1_55' title='bbox 433 1124 549 1203; x_wconf 88' lang='lat' dir='ltr'>ltaque,</span> <span class='ocrx_word' id='word_1_56' title='bbox 572 1132 720 1204; x_wconf 89' lang='lat' dir='ltr'>quantum</span> <span class='ocrx_word' id='word_1_57' title='bbox 749 1133 849 1204; x_wconf 89' lang='lat' dir='ltr'>potes,</span> <span class='ocrx_word' id='word_1_58' title='bbox 883 1122 1098 1184; x_wconf 86' lang='lat' dir='ltr'>circumscribe</span> 
     </span>
     <span class='ocr_line' id='line_1_10' title="bbox 100 1220 1099 1301; baseline 0 -24"><span class='ocrx_word' id='word_1_59' title='bbox 100 1239 213 1299; x_wconf 92' lang='lat' dir='ltr'>corpus</span> <span class='ocrx_word' id='word_1_60' title='bbox 247 1229 345 1292; x_wconf 90' lang='lat' dir='ltr'>tuum,</span> <span class='ocrx_word' id='word_1_61' title='bbox 378 1229 408 1280; x_wconf 89' lang='lat' dir='ltr'>et</span> <span class='ocrx_word' id='word_1_62' title='bbox 436 1221 538 1280; x_wconf 83' lang='lat' dir='ltr'>animo</span> <span class='ocrx_word' id='word_1_63' title='bbox 569 1221 671 1280; x_wconf 92' lang='lat' dir='ltr'>locum</span> <span class='ocrx_word' id='word_1_64' title='bbox 700 1220 778 1280; x_wconf 88' lang='lat' dir='ltr'>laxa.</span> <span class='ocrx_word' id='word_1_65' title='bbox 811 1221 908 1280; x_wconf 90' lang='lat' dir='ltr'>Multa</span> <span class='ocrx_word' id='word_1_66' title='bbox 927 1226 1099 1301; x_wconf 89' lang='lat' dir='ltr'>sequuntur</span> 
     </span>
     <span class='ocr_line' id='line_1_11' title="bbox 102 1310 1190 1398; baseline 0.002 -26"><span class='ocrx_word' id='word_1_67' title='bbox 102 1315 298 1376; x_wconf 88' lang='lat' dir='ltr'>incommoda</span> <span class='ocrx_word' id='word_1_68' title='bbox 315 1318 386 1377; x_wconf 90' lang='lat' dir='ltr'>huic</span> <span class='ocrx_word' id='word_1_69' title='bbox 410 1317 531 1376; x_wconf 90' lang='lat' dir='ltr'>deditos</span> <span class='ocrx_word' id='word_1_70' title='bbox 558 1339 639 1377; x_wconf 78' lang='lat' dir='ltr'>curm</span> <span class='ocrx_word' id='word_1_71' title='bbox 664 1337 671 1379; x_wconf 73' lang='grc' dir='ltr'>ε</span> <span class='ocrx_word' id='word_1_72' title='bbox 696 1318 828 1398; x_wconf 89' lang='lat' dir='ltr'>primum</span> <span class='ocrx_word' id='word_1_73' title='bbox 852 1316 1098 1391; x_wconf 89' lang='lat' dir='ltr'>exercita-tiones,</span> <span class='ocrx_word' id='word_1_74' title='bbox 1187 1310 1190 1319; x_wconf 77' lang='grc'>’</span> 
     </span>
     <span class='ocr_line' id='line_1_12' title="bbox 102 1413 1099 1494; baseline -0.001 -23"><span class='ocrx_word' id='word_1_75' title='bbox 102 1433 234 1492; x_wconf 89' lang='lat' dir='ltr'>quarum</span> <span class='ocrx_word' id='word_1_76' title='bbox 256 1414 342 1473; x_wconf 90' lang='lat' dir='ltr'>labor</span> <span class='ocrx_word' id='word_1_77' title='bbox 362 1414 504 1494; x_wconf 89' lang='lat' dir='ltr'>spiritum</span> <span class='ocrx_word' id='word_1_78' title='bbox 528 1416 680 1486; x_wconf 81' lang='lat' dir='ltr'>exhaurit,</span> <span class='ocrx_word' id='word_1_79' title='bbox 702 1423 732 1474; x_wconf 91' lang='lat' dir='ltr'>et</span> <span class='ocrx_word' id='word_1_80' title='bbox 751 1415 915 1474; x_wconf 89' lang='lat' dir='ltr'>inhabilem</span> <span class='ocrx_word' id='word_1_81' title='bbox 935 1413 1099 1474; x_wconf 90' lang='lat' dir='ltr'>intentioni</span> 
     </span>
     <span class='ocr_line' id='line_1_13' title="bbox 101 1510 1100 1592; baseline 0.001 -25"><span class='ocrx_word' id='word_1_82' title='bbox 101 1529 135 1568; x_wconf 86' lang='lat' dir='ltr'>ac</span> <span class='ocrx_word' id='word_1_83' title='bbox 149 1510 261 1570; x_wconf 91' lang='lat' dir='ltr'>studiis</span> <span class='ocrx_word' id='word_1_84' title='bbox 279 1511 449 1570; x_wconf 84' lang='lat' dir='ltr'>acrioribus</span> <span class='ocrx_word' id='word_1_85' title='bbox 468 1512 588 1584; x_wconf 89' lang='lat' dir='ltr'>reddit;</span> <span class='ocrx_word' id='word_1_86' title='bbox 610 1511 720 1570; x_wconf 88' lang='lat' dir='ltr'>deinde</span> <span class='ocrx_word' id='word_1_87' title='bbox 739 1513 827 1592; x_wconf 89' lang='lat' dir='ltr'>copia</span> <span class='ocrx_word' id='word_1_88' title='bbox 847 1512 985 1570; x_wconf 90' lang='lat' dir='ltr'>ciborum</span> <span class='ocrx_word' id='word_1_89' title='bbox 1003 1511 1100 1570; x_wconf 88' lang='lat' dir='ltr'>subti-</span> 
     </span>
     <span class='ocr_line' id='line_1_14' title="bbox 103 1605 1100 1688; baseline 0 -24"><span class='ocrx_word' id='word_1_90' title='bbox 103 1605 169 1666; x_wconf 81' lang='lat' dir='ltr'>litas</span> <span class='ocrx_word' id='word_1_91' title='bbox 201 1607 379 1687; x_wconf 88' lang='lat' dir='ltr'>impeditur.</span> <span class='ocrx_word' id='word_1_92' title='bbox 410 1608 571 1668; x_wconf 88' lang='lat' dir='ltr'>Accedunt</span> <span class='ocrx_word' id='word_1_93' title='bbox 611 1609 750 1688; x_wconf 88' lang='lat' dir='ltr'>pessimae</span> <span class='ocrx_word' id='word_1_94' title='bbox 778 1617 859 1668; x_wconf 84' lang='lat' dir='ltr'>notae</span> <span class='ocrx_word' id='word_1_95' title='bbox 888 1607 1041 1688; x_wconf 88' lang='lat' dir='ltr'>mancipia</span> <span class='ocrx_word' id='word_1_96' title='bbox 1069 1607 1100 1665; x_wconf 94' lang='lat' dir='ltr'>in</span> 
     </span>
     <span class='ocr_line' id='line_1_15' title="bbox 100 1704 1154 1784; baseline 0.003 -24"><span class='ocrx_word' id='word_1_97' title='bbox 100 1704 311 1784; x_wconf 83' lang='lat' dir='ltr'>magisterium</span> <span class='ocrx_word' id='word_1_98' title='bbox 331 1712 464 1784; x_wconf 87' lang='lat' dir='ltr'>recepte,</span> <span class='ocrx_word' id='word_1_99' title='bbox 482 1705 622 1764; x_wconf 90' lang='lat' dir='ltr'>homines</span> <span class='ocrx_word' id='word_1_100' title='bbox 637 1705 717 1764; x_wconf 91' lang='lat' dir='ltr'>inter</span> <span class='ocrx_word' id='word_1_101' title='bbox 730 1706 830 1764; x_wconf 91' lang='lat' dir='ltr'>oleum</span> <span class='ocrx_word' id='word_1_102' title='bbox 845 1713 875 1764; x_wconf 90' lang='lat' dir='ltr'>et</span> <span class='ocrx_word' id='word_1_103' title='bbox 889 1706 997 1764; x_wconf 92' lang='lat' dir='ltr'>vinum</span> <span class='ocrx_word' id='word_1_104' title='bbox 1012 1725 1100 1764; x_wconf 89' lang='lat' dir='ltr'>occu·</span> <span class='ocrx_word' id='word_1_105' title='bbox 1152 1717 1154 1722; x_wconf 88' lang='lat'>&#39;</span> 
     </span>
     <span class='ocr_line' id='line_1_16' title="bbox 102 1801 1098 1881; baseline -0.001 -21"><span class='ocrx_word' id='word_1_106' title='bbox 102 1802 173 1878; x_wconf 87' lang='lat' dir='ltr'>pati,</span> <span class='ocrx_word' id='word_1_107' title='bbox 192 1801 306 1881; x_wconf 90' lang='lat' dir='ltr'>quibus</span> <span class='ocrx_word' id='word_1_108' title='bbox 320 1801 358 1860; x_wconf 90' lang='lat' dir='ltr'>ad</span> <span class='ocrx_word' id='word_1_109' title='bbox 366 1808 473 1860; x_wconf 90' lang='lat' dir='ltr'>votum</span> <span class='ocrx_word' id='word_1_110' title='bbox 488 1802 553 1861; x_wconf 91' lang='lat' dir='ltr'>dics</span> <span class='ocrx_word' id='word_1_111' title='bbox 568 1810 721 1869; x_wconf 87' lang='lat' dir='ltr'>actusest,</span> <span class='ocrx_word' id='word_1_112' title='bbox 736 1802 846 1861; x_wconf 90' lang='lat' dir='ltr'>sibene</span> <span class='ocrx_word' id='word_1_113' title='bbox 859 1802 1098 1874; x_wconf 88' lang='lat' dir='ltr'>desudaverunt,</span> 
     </span>
     <span class='ocr_line' id='line_1_17' title="bbox 100 1898 1100 1982; baseline 0.002 -28"><span class='ocrx_word' id='word_1_114' title='bbox 100 1899 134 1965; x_wconf 89' lang='lat' dir='ltr'>si,</span> <span class='ocrx_word' id='word_1_115' title='bbox 157 1899 190 1958; x_wconf 92' lang='lat' dir='ltr'>in</span> <span class='ocrx_word' id='word_1_116' title='bbox 219 1898 323 1956; x_wconf 93' lang='lat' dir='ltr'>locum</span> <span class='ocrx_word' id='word_1_117' title='bbox 345 1899 411 1978; x_wconf 84' lang='lat' dir='ltr'>ejus</span> <span class='ocrx_word' id='word_1_118' title='bbox 435 1899 518 1979; x_wconf 89' lang='lat' dir='ltr'>quod</span> <span class='ocrx_word' id='word_1_119' title='bbox 545 1900 674 1970; x_wconf 87' lang='lat' dir='ltr'>ellluxit,</span> <span class='ocrx_word' id='word_1_120' title='bbox 700 1899 830 1982; x_wconf 86' lang='lat' dir='ltr'>multum</span> <span class='ocrx_word' id='word_1_121' title='bbox 852 1898 987 1978; x_wconf 90' lang='lat' dir='ltr'>potionis</span> <span class='ocrx_word' id='word_1_122' title='bbox 1010 1898 1100 1957; x_wconf 85' lang='lat' dir='ltr'>altius</span> 
     </span>
     <span class='ocr_line' id='line_1_18' title="bbox 97 1993 1100 2073; baseline -0.001 -21"><span class='ocrx_word' id='word_1_123' title='bbox 97 1993 205 2073; x_wconf 88' lang='lat' dir='ltr'>jejuno</span> <span class='ocrx_word' id='word_1_124' title='bbox 230 1994 321 2053; x_wconf 86' lang='lat' dir='ltr'>iturae</span> <span class='ocrx_word' id='word_1_125' title='bbox 336 2004 540 2072; x_wconf 83' lang='lat' dir='ltr'>regesserunt.</span> <span class='ocrx_word' id='word_1_126' title='bbox 566 1996 675 2055; x_wconf 87' lang='lat' dir='ltr'>Bibere</span> <span class='ocrx_word' id='word_1_127' title='bbox 698 2004 728 2054; x_wconf 92' lang='lat' dir='ltr'>et</span> <span class='ocrx_word' id='word_1_128' title='bbox 745 1995 865 2066; x_wconf 88' lang='lat' dir='ltr'>sudare,</span> <span class='ocrx_word' id='word_1_129' title='bbox 884 1996 948 2054; x_wconf 88' lang='lat' dir='ltr'>vita</span> <span class='ocrx_word' id='word_1_130' title='bbox 969 1994 1100 2053; x_wconf 79' lang='lat' dir='ltr'>cardiaci</span> 
     </span>
     <span class='ocr_line' id='line_1_19' title="bbox 100 2092 1101 2173; baseline 0.001 -25"><span class='ocrx_word' id='word_1_131' title='bbox 100 2099 153 2151; x_wconf 89' lang='lat' dir='ltr'>est.</span> <span class='ocrx_word' id='word_1_132' title='bbox 173 2092 256 2150; x_wconf 87' lang='lat' dir='ltr'>Sunt</span> <span class='ocrx_word' id='word_1_133' title='bbox 276 2092 511 2151; x_wconf 84' lang='lat' dir='ltr'>exercitationes</span> <span class='ocrx_word' id='word_1_134' title='bbox 530 2100 561 2151; x_wconf 91' lang='lat' dir='ltr'>et</span> <span class='ocrx_word' id='word_1_135' title='bbox 582 2093 685 2152; x_wconf 79' lang='lat' dir='ltr'>faciles</span> <span class='ocrx_word' id='word_1_136' title='bbox 707 2101 738 2151; x_wconf 90' lang='lat' dir='ltr'>et</span> <span class='ocrx_word' id='word_1_137' title='bbox 761 2093 881 2162; x_wconf 83' lang='lat' dir='ltr'>breves,</span> <span class='ocrx_word' id='word_1_138' title='bbox 899 2113 967 2173; x_wconf 85' lang='lat' dir='ltr'>quae</span> <span class='ocrx_word' id='word_1_139' title='bbox 989 2112 1101 2171; x_wconf 91' lang='lat' dir='ltr'>corpus</span> 
     </span>
     <span class='ocr_line' id='line_1_20' title="bbox 98 2189 1101 2269; baseline 0.003 -25"><span class='ocrx_word' id='word_1_140' title='bbox 98 2195 127 2245; x_wconf 89' lang='lat' dir='ltr'>et</span> <span class='ocrx_word' id='word_1_141' title='bbox 146 2189 215 2248; x_wconf 87' lang='lat' dir='ltr'>sinc</span> <span class='ocrx_word' id='word_1_142' title='bbox 237 2209 322 2247; x_wconf 88' lang='lat' dir='ltr'>mora</span> <span class='ocrx_word' id='word_1_143' title='bbox 343 2189 458 2247; x_wconf 86' lang='lat' dir='ltr'>lassent</span> <span class='ocrx_word' id='word_1_144' title='bbox 477 2197 507 2248; x_wconf 92' lang='lat' dir='ltr'>et</span> <span class='ocrx_word' id='word_1_145' title='bbox 530 2191 660 2268; x_wconf 90' lang='lat' dir='ltr'>tempori</span> <span class='ocrx_word' id='word_1_146' title='bbox 681 2198 817 2269; x_wconf 86' lang='lat' dir='ltr'>parcant,</span> <span class='ocrx_word' id='word_1_147' title='bbox 839 2189 928 2268; x_wconf 87' lang='lat' dir='ltr'>cujus</span> <span class='ocrx_word' id='word_1_148' title='bbox 946 2189 1101 2269; x_wconf 77' lang='lat' dir='ltr'>praecipua</span> 
     </span>
     <span class='ocr_line' id='line_1_21' title="bbox 101 2284 1101 2365; baseline 0.001 -23"><span class='ocrx_word' id='word_1_149' title='bbox 101 2285 175 2343; x_wconf 86' lang='lat' dir='ltr'>ratio</span> <span class='ocrx_word' id='word_1_150' title='bbox 193 2284 336 2344; x_wconf 83' lang='lat' dir='ltr'>habenda</span> <span class='ocrx_word' id='word_1_151' title='bbox 355 2293 424 2345; x_wconf 88' lang='lat' dir='ltr'>est:</span> <span class='ocrx_word' id='word_1_152' title='bbox 446 2306 564 2357; x_wconf 89' lang='lat' dir='ltr'>cursus,</span> <span class='ocrx_word' id='word_1_153' title='bbox 582 2293 612 2344; x_wconf 92' lang='lat' dir='ltr'>et</span> <span class='ocrx_word' id='word_1_154' title='bbox 629 2307 698 2345; x_wconf 91' lang='lat' dir='ltr'>cum</span> <span class='ocrx_word' id='word_1_155' title='bbox 719 2286 822 2364; x_wconf 89' lang='lat' dir='ltr'>aliquo</span> <span class='ocrx_word' id='word_1_156' title='bbox 839 2286 975 2365; x_wconf 89' lang='lat' dir='ltr'>pondere</span> <span class='ocrx_word' id='word_1_157' title='bbox 994 2307 1101 2345; x_wconf 89' lang='lat' dir='ltr'>manus</span> 
     </span>
     <span class='ocr_line' id='line_1_22' title="bbox 100 2381 1101 2462; baseline 0.001 -23"><span class='ocrx_word' id='word_1_158' title='bbox 100 2390 202 2453; x_wconf 83' lang='lat' dir='ltr'>motae,</span> <span class='ocrx_word' id='word_1_159' title='bbox 233 2389 263 2440; x_wconf 85' lang='lat' dir='ltr'>et</span> <span class='ocrx_word' id='word_1_160' title='bbox 285 2381 390 2454; x_wconf 74' lang='lat' dir='ltr'>sellae,</span> <span class='ocrx_word' id='word_1_161' title='bbox 414 2382 463 2440; x_wconf 90' lang='lat' dir='ltr'>vel</span> <span class='ocrx_word' id='word_1_162' title='bbox 484 2381 535 2441; x_wconf 92' lang='lat' dir='ltr'>ille</span> <span class='ocrx_word' id='word_1_163' title='bbox 558 2383 610 2462; x_wconf 93' lang='lat' dir='ltr'>qui</span> <span class='ocrx_word' id='word_1_164' title='bbox 634 2403 746 2462; x_wconf 91' lang='lat' dir='ltr'>corpus</span> <span class='ocrx_word' id='word_1_165' title='bbox 767 2383 797 2441; x_wconf 92' lang='lat' dir='ltr'>in</span> <span class='ocrx_word' id='word_1_166' title='bbox 820 2383 915 2441; x_wconf 90' lang='lat' dir='ltr'>altum</span> <span class='ocrx_word' id='word_1_167' title='bbox 935 2381 1027 2454; x_wconf 89' lang='lat' dir='ltr'>levat,</span> <span class='ocrx_word' id='word_1_168' title='bbox 1053 2382 1101 2441; x_wconf 92' lang='lat' dir='ltr'>vel</span> 
     </span>
     <span class='ocr_line' id='line_1_23' title="bbox 102 2477 1100 2559; baseline 0.003 -25"><span class='ocrx_word' id='word_1_169' title='bbox 102 2477 148 2537; x_wconf 92' lang='lat' dir='ltr'>ille</span> <span class='ocrx_word' id='word_1_170' title='bbox 172 2479 228 2559; x_wconf 91' lang='lat' dir='ltr'>qui</span> <span class='ocrx_word' id='word_1_171' title='bbox 251 2479 282 2538; x_wconf 92' lang='lat' dir='ltr'>in</span> <span class='ocrx_word' id='word_1_172' title='bbox 304 2478 429 2556; x_wconf 83' lang='lat' dir='ltr'>longum</span> <span class='ocrx_word' id='word_1_173' title='bbox 451 2479 556 2550; x_wconf 89' lang='lat' dir='ltr'>mittit,</span> <span class='ocrx_word' id='word_1_174' title='bbox 581 2479 629 2538; x_wconf 88' lang='lat' dir='ltr'>vel</span> <span class='ocrx_word' id='word_1_175' title='bbox 649 2477 710 2544; x_wconf 79' lang='lat' dir='ltr'>ille,</span> <span class='ocrx_word' id='word_1_176' title='bbox 737 2487 771 2558; x_wconf 73' lang='lat' dir='ltr'>ut</span> <span class='ocrx_word' id='word_1_177' title='bbox 790 2479 832 2537; x_wconf 89' lang='lat' dir='ltr'>ita</span> <span class='ocrx_word' id='word_1_178' title='bbox 845 2479 956 2551; x_wconf 88' lang='lat' dir='ltr'>dicam,</span> <span class='ocrx_word' id='word_1_179' title='bbox 972 2479 1100 2551; x_wconf 85' lang='lat' dir='ltr'>saliaria,</span> 
     </span>
     <span class='ocr_line' id='line_1_24' title="bbox 101 2574 1102 2647; baseline 0.001 -15"><span class='ocrx_word' id='word_1_180' title='bbox 101 2583 161 2647; x_wconf 81' lang='lat' dir='ltr'>aut,</span> <span class='ocrx_word' id='word_1_181' title='bbox 192 2582 230 2636; x_wconf 88' lang='lat' dir='ltr'>ut</span> <span class='ocrx_word' id='word_1_182' title='bbox 256 2575 509 2636; x_wconf 86' lang='lat' dir='ltr'>contumeliosius</span> <span class='ocrx_word' id='word_1_183' title='bbox 539 2575 650 2647; x_wconf 87' lang='lat' dir='ltr'>dicem,</span> <span class='ocrx_word' id='word_1_184' title='bbox 676 2575 833 2634; x_wconf 83' lang='lat' dir='ltr'>fullonius.</span> <span class='ocrx_word' id='word_1_185' title='bbox 854 2575 943 2643; x_wconf 90' lang='lat' dir='ltr'>Quod</span> <span class='ocrx_word' id='word_1_186' title='bbox 971 2574 1047 2636; x_wconf 89' lang='lat' dir='ltr'>libet</span> <span class='ocrx_word' id='word_1_187' title='bbox 1064 2597 1102 2634; x_wconf 90' lang='lat' dir='ltr'>ex</span> 
     </span>
     <span class='ocr_line' id='line_1_25' title="bbox 102 2670 1100 2752; baseline 0.004 -24"><span class='ocrx_word' id='word_1_188' title='bbox 102 2671 156 2746; x_wconf 88' lang='lat' dir='ltr'>his,</span> <span class='ocrx_word' id='word_1_189' title='bbox 195 2671 288 2750; x_wconf 83' lang='lat' dir='ltr'>elige.</span> <span class='ocrx_word' id='word_1_190' title='bbox 330 2670 487 2751; x_wconf 89' lang='lat' dir='ltr'>Quidquid</span> <span class='ocrx_word' id='word_1_191' title='bbox 520 2672 624 2742; x_wconf 79' lang='lat' dir='ltr'>iacies,</span> <span class='ocrx_word' id='word_1_192' title='bbox 664 2673 725 2731; x_wconf 89' lang='lat' dir='ltr'>cito</span> <span class='ocrx_word' id='word_1_193' title='bbox 763 2671 826 2730; x_wconf 91' lang='lat' dir='ltr'>redi</span> <span class='ocrx_word' id='word_1_194' title='bbox 860 2693 877 2731; x_wconf 89' lang='lat' dir='ltr'>a</span> <span class='ocrx_word' id='word_1_195' title='bbox 907 2691 1035 2752; x_wconf 88' lang='lat' dir='ltr'>corpore</span> <span class='ocrx_word' id='word_1_196' title='bbox 1063 2672 1100 2732; x_wconf 89' lang='lat' dir='ltr'>ad</span> 
     </span>
     <span class='ocr_line' id='line_1_26' title="bbox 100 2767 824 2842; baseline 0.001 -17"><span class='ocrx_word' id='word_1_197' title='bbox 100 2770 255 2842; x_wconf 78' lang='lat' dir='ltr'>animum3</span> <span class='ocrx_word' id='word_1_198' title='bbox 276 2767 363 2828; x_wconf 89' lang='lat' dir='ltr'>illum</span> <span class='ocrx_word' id='word_1_199' title='bbox 381 2769 523 2828; x_wconf 87' lang='lat' dir='ltr'>noctibus</span> <span class='ocrx_word' id='word_1_200' title='bbox 537 2789 572 2828; x_wconf 90' lang='lat' dir='ltr'>ac</span> <span class='ocrx_word' id='word_1_201' title='bbox 586 2769 694 2828; x_wconf 91' lang='lat' dir='ltr'>diebus</span> <span class='ocrx_word' id='word_1_202' title='bbox 707 2789 824 2828; x_wconf 88' lang='lat' dir='ltr'>exerce.</span> 
     </span>
    </p>
   </div>
   <div class='ocr_carea' id='block_1_5' title="bbox 0 0 1353 4252">
    <p class='ocr_par' dir='ltr' id='par_1_5' title="bbox 0 0 1353 4252">
     <span class='ocr_line' id='line_1_27' title="bbox 0 0 1353 4252; baseline 0 0"><span class='ocrx_word' id='word_1_203' title='bbox 0 0 1353 4252; x_wconf 95' lang='lat' dir='ltr'> </span> 
     </span>
    </p>
   </div>
  </div>
 </body>
</html>
