2678 4250
220 173 326 230 rossus.
344 204 382 216 ···
396 174 510 228 POlITES.
526 205 566 212 -
581 173 755 234 llLOQUENCE.
771 201 810 212 -·
826 189 987 230 ousTEuus.
1003 203 1042 214 -·
1057 173 1214 228 uudruuns

359 301 398 362 Et
418 300 500 381 talpa
522 307 569 358 est
590 299 665 359 mihi
687 301 787 358 lossor
808 310 900 380 atque
921 309 1035 361 arator.

359 399 429 457 Non
450 398 571 456 boletus
593 398 688 468 hiare,
712 418 774 456 non
796 399 932 458 mariscae

360 494 471 555 Ridere
493 502 546 554 aut
567 493 656 553 violae
678 502 783 574 patere
805 502 946 574 possunt.

360 593 448 651 Fines
470 613 537 652 mus
558 591 726 672 populatur
746 600 776 650 et
797 593 908 651 colono

356 689 525 769 Tamquam
547 711 599 748 sus
621 689 810 768 Calydonius
832 689 968 760 timetur,

360 788 397 846 Et
417 786 536 846 sublata
557 787 691 845 volantis
714 807 815 864 ungue
838 787 974 863 Prognes

358 885 391 942 ln
413 883 486 942 nido
508 905 593 962 seges
615 891 661 942 est
683 883 903 944 hirundinino.'
961 888 964 894 '

312 1027 315 1031 .
358 981 415 1039 Vix
437 982 544 1060 implet
566 980 721 1039 cochleam
744 989 867 1060 peracta
889 980 1006 1055 messis,

356 1078 393 1137 Et
414 1086 549 1137 mustum
572 1099 649 1136 nuce
671 1078 831 1140 condimus
852 1079 964 1158 picata.

357 1175 482 1246 Errasti,
508 1175 603 1254 Lupe,
627 1175 729 1232 littera
751 1175 802 1232 sed
825 1195 886 1233 una
910 1193 917 1234 1

356 1271 433 1330 Nam
455 1293 517 1352 quo
539 1280 677 1349 tempore
699 1270 849 1350 praedium
871 1271 993 1346 dedisti,

355 1369 479 1428 Mallem
502 1377 535 1427 tu
557 1369 631 1427 mihi
654 1367 817 1449 prandium
840 1368 988 1428 dedisses

282 1553 366 1612 336.
387 1553 617 1624 L'indigenoe
637 1552 768 1610 etouffe
788 1554 822 1610 le
843 1553 948 1624 genre
967 1553 1148 1624 poetique.

380 1650 540 1733 (Epestate
562 1649 708 1709 obruitur
724 1658 836 1731 poetae
858 1649 1046 1733 inperium.)

147 1801 198 1860 uh.
253 1800 312 1860 Sed
334 1808 435 1860 vatem
458 1801 626 1878 egregium,
650 1801 698 1859 cui
722 1821 782 1859 non
805 1801 846 1860 sit
866 1800 988 1881 publica
1003 1820 1095 1875 vena,

253 1897 310 1964 Qui
333 1899 409 1956 nihil
431 1899 605 1978 expositum
627 1899 723 1956 soleat
745 1896 906 1971 deducere,
931 1919 987 1956 nec
1008 1899 1062 1978 qui

252 1995 418 2054 Communi
442 1997 531 2054 l'eriat
552 2015 675 2054 carmen
698 1995 816 2053 triviale
839 2003 973 2066 moneta,

253 2093 355 2163 Hunc,
379 2093 500 2172 qualem
524 2113 642 2171 nequeo
664 2100 836 2150 monstrare
858 2099 889 2150 et
910 2077 1167 2165 semiobrutum,

251 2190 415 2248 Anxietate
436 2210 543 2248 carens
565 2189 686 2248 animus
708 2189 792 2251 lacit,
817 2189 917 2247 omnis
939 2189 1042 2248 acerbi

253 2285 431 2365 Impatiens
455 2285 586 2364 cupidus
608 2285 754 2344 silvarum
777 2293 928 2364 aptusque
951 2285 1092 2346 bibendis

251 2383 402 2441 Fontibus
424 2382 589 2441 Aonidum.
615 2383 721 2461 Neque
744 2383 823 2441 euim
847 2390 971 2441 cantare
993 2382 1050 2441 sub
1071 2391 1164 2442 antro

252 2479 352 2538 Pierio
374 2480 554 2559 thyrsumve
576 2487 679 2558 potest
700 2481 878 2556 contingere
900 2501 974 2539 sana
1172 2466 1174 2471 ¹

251 2576 428 2656 Paupertas
439 2585 531 2656 atque
552 2577 621 2633 aeris
644 2576 732 2655 inops
754 2597 816 2656 quo
839 2585 928 2634 nocte
951 2576 1062 2656 dieque

250 2673 370 2752 Corpus
392 2680 470 2751 eget.
495 2674 586 2731 Satur
601 2681 657 2746 est,
674 2694 744 2731 cum
762 2673 837 2731 dicit
860 2675 1023 2734 Horatius:
1038 2700 1052 2729 n
1063 2674 1191 2738 Euhoe!
1208 2705 1226 2734 »

161 2813 163 2822 ,
250 2765 325 2832 Quis
346 2766 431 2825 locus
453 2767 589 2843 ingenio,
614 2766 671 2823 nisi
694 2786 763 2824 cum
786 2787 817 2825 se
840 2767 975 2825 carmine
997 2767 1063 2827 solo
1191 2771 1195 2776 ’

249 2865 371 2923 Vexant
392 2872 422 2922 et
442 2862 576 2933 dominis
599 2862 716 2921 Cirrhre
739 2863 892 2943 Nysaeque
914 2864 1056 2922 seruntur

250 2960 377 3020 Pectora
400 2968 514 3031 nostra,
538 2960 613 3019 duas
636 2981 697 3018 non
719 2960 911 3019 admittentia
933 2960 1044 3019 curas?

249 3058 371 3136 Magnae
393 3057 504 3116 mentis
526 3078 614 3136 opus,
639 3077 695 3114 nec
717 3057 753 3114 de
776 3057 875 3115 lodice
897 3056 1033 3136 paranda

248 3155 411 3225 Attonitae,
436 3175 543 3213 currus
566 3161 595 3212 et
618 3145 713 3234 equos
735 3155 889 3233 faciesque
911 3154 1039 3213 deorum

248 3252 426 3330 Adspicere‚
451 3259 481 3310 et
502 3250 600 3330 qualis
623 3250 773 3309 Rutulum
795 3250 966 3309 confundat
988 3250 1131 3330 Erinnys.

248 3350 326 3408 Nam
345 3349 370 3407 si
392 3348 527 3424 Vergilio
550 3368 626 3426 puer
648 3355 679 3407 et
700 3348 859 3406 tolerabile
881 3347 1001 3406 deesset

249 3445 439 3525 Hospitium,
463 3444 608 3502 caderent
630 3464 736 3502 omnes
758 3465 774 3503 a
796 3443 931 3502 crinibus
954 3439 1063 3523 hydri3

136 3597 137 3600 ,
248 3542 346 3600 Surda
369 3541 446 3600 nihil
467 3550 602 3619 gemeret
623 3561 716 3617 grave
738 3541 859 3599 bucina.
885 3541 1044 3600 Poscimus
1066 3547 1101 3600 ut
1121 3541 1166 3600 sit

249 3640 319 3698 Non
337 3639 438 3697 minor
459 3638 587 3718 antiquo
611 3638 775 3696 Rubrenus
799 3639 902 3716 Lappa
924 3638 1088 3711 cothurno,

248 3735 345 3807 Cuius
364 3741 394 3794 et
415 3735 549 3794 alveolos
568 3742 598 3793 et
620 3735 729 3793 laenam
743 3735 888 3814 pignerat
910 3737 1049 3796 Atreus?

631 3950 665 3959 —
683 3917 734 3972 236
754 3951 787 3960 --
