<?xml version="1.0" encoding="UTF-8"?>
<!DOCTYPE html PUBLIC "-//W3C//DTD XHTML 1.0 Transitional//EN"
    "http://www.w3.org/TR/xhtml1/DTD/xhtml1-transitional.dtd">
<html xmlns="http://www.w3.org/1999/xhtml" xml:lang="en" lang="en">
 <head>
  <title>
</title>
<meta http-equiv="Content-Type" content="text/html;charset=utf-8" />
  <meta name='ocr-system' content='tesseract 3.04.00' />
  <meta name='ocr-capabilities' content='ocr_page ocr_carea ocr_par ocr_line ocrx_word'/>
</head>
<body>
  <div class='ocr_page' id='page_1' title='image "./depublicaprivat00arnagoog_0176.png"; bbox 0 0 2656 4258; ppageno 0'>
   <div class='ocr_carea' id='block_1_1' title="bbox 272 189 887 376">
    <p class='ocr_par' dir='ltr' id='par_1_1' title="bbox 272 189 887 376">
     <span class='ocr_line' id='line_1_1' title="bbox 272 189 887 258; baseline -0.008 -11"><span class='ocrx_word' id='word_1_1' title='bbox 272 192 352 251; x_wconf 77' lang='lat'><strong>182.</strong></span> <span class='ocrx_word' id='word_1_2' title='bbox 374 189 595 248; x_wconf 82' lang='lat' dir='ltr'>Formalite&#39;s</span> <span class='ocrx_word' id='word_1_3' title='bbox 614 192 658 247; x_wconf 86' lang='lat' dir='ltr'>de</span> <span class='ocrx_word' id='word_1_4' title='bbox 677 189 887 258; x_wconf 80' lang='lat' dir='ltr'>radopuon.</span> 
     </span>
     <span class='ocr_line' id='line_1_2' title="bbox 395 293 756 376; baseline -0.003 -22"><span class='ocrx_word' id='word_1_5' title='bbox 395 295 450 376; x_wconf 84' lang='lat' dir='ltr'>(De</span> <span class='ocrx_word' id='word_1_6' title='bbox 471 293 647 376; x_wconf 81' lang='lat' dir='ltr'>adoptionis</span> <span class='ocrx_word' id='word_1_7' title='bbox 669 293 756 375; x_wconf 76' lang='lat' dir='ltr'>ritu.)</span> 
     </span>
    </p>
   </div>
   <div class='ocr_carea' id='block_1_2' title="bbox 16 448 1143 2561">
    <p class='ocr_par' dir='ltr' id='par_1_2' title="bbox 117 448 1143 534">
     <span class='ocr_line' id='line_1_3' title="bbox 117 448 1143 534; baseline 0 -22"><span class='ocrx_word' id='word_1_8' title='bbox 117 452 251 534; x_wconf 82' lang='lat' dir='ltr'>Adoptio</span> <span class='ocrx_word' id='word_1_9' title='bbox 272 453 393 512; x_wconf 90' lang='lat' dir='ltr'>duobus</span> <span class='ocrx_word' id='word_1_10' title='bbox 410 453 508 512; x_wconf 90' lang='lat' dir='ltr'>modis</span> <span class='ocrx_word' id='word_1_11' title='bbox 532 454 577 523; x_wconf 83' lang='lat' dir='ltr'>fit,</span> <span class='ocrx_word' id='word_1_12' title='bbox 599 460 652 512; x_wconf 88' lang='lat' dir='ltr'>ant</span> <span class='ocrx_word' id='word_1_13' title='bbox 676 452 783 533; x_wconf 91' lang='lat' dir='ltr'>populi</span> <span class='ocrx_word' id='word_1_14' title='bbox 807 452 1001 524; x_wconf 88' lang='lat' dir='ltr'>auctoritate,</span> <span class='ocrx_word' id='word_1_15' title='bbox 1025 458 1078 510; x_wconf 90' lang='lat' dir='ltr'>ant</span> <span class='ocrx_word' id='word_1_16' title='bbox 1103 448 1143 512; x_wconf 74' lang='lat'>3³</span> 
     </span>
    </p>

    <p class='ocr_par' dir='ltr' id='par_1_3' title="bbox 16 547 1077 629">
     <span class='ocr_line' id='line_1_4' title="bbox 16 547 1077 629; baseline 0 -24"><span class='ocrx_word' id='word_1_17' title='bbox 16 609 17 624; x_wconf 47' lang='lat'>,</span> <span class='ocrx_word' id='word_1_18' title='bbox 82 547 206 628; x_wconf 90' lang='lat' dir='ltr'>imperio</span> <span class='ocrx_word' id='word_1_19' title='bbox 235 551 442 629; x_wconf 76' lang='lat' dir='ltr'><strong>magistratus,</strong></span> <span class='ocrx_word' id='word_1_20' title='bbox 470 548 555 608; x_wconf 89' lang='lat' dir='ltr'>velut</span> <span class='ocrx_word' id='word_1_21' title='bbox 577 551 727 629; x_wconf 87' lang='lat' dir='ltr'>praetoris.</span> <span class='ocrx_word' id='word_1_22' title='bbox 755 549 864 629; x_wconf 87' lang='lat' dir='ltr'>Populi</span> <span class='ocrx_word' id='word_1_23' title='bbox 894 548 1077 608; x_wconf 89' lang='lat' dir='ltr'>auctoritate</span> 
     </span>
    </p>

    <p class='ocr_par' dir='ltr' id='par_1_4' title="bbox 16 644 1078 2561">
     <span class='ocr_line' id='line_1_5' title="bbox 16 644 1077 727; baseline -0.004 -21"><span class='ocrx_word' id='word_1_24' title='bbox 16 687 17 706; x_wconf 46' lang='lat' dir='ltr'>r</span> <span class='ocrx_word' id='word_1_25' title='bbox 81 647 259 725; x_wconf 88' lang='lat' dir='ltr'>adoptamus</span> <span class='ocrx_word' id='word_1_26' title='bbox 274 667 325 706; x_wconf 92' lang='lat' dir='ltr'>eos</span> <span class='ocrx_word' id='word_1_27' title='bbox 344 647 396 726; x_wconf 90' lang='lat' dir='ltr'>qui</span> <span class='ocrx_word' id='word_1_28' title='bbox 412 646 459 705; x_wconf 91' lang='lat' dir='ltr'>sui</span> <span class='ocrx_word' id='word_1_29' title='bbox 474 647 553 727; x_wconf 86' lang='lat' dir='ltr'>juris</span> <span class='ocrx_word' id='word_1_30' title='bbox 571 654 664 706; x_wconf 91' lang='lat' dir='ltr'>sunt:</span> <span class='ocrx_word' id='word_1_31' title='bbox 685 667 752 725; x_wconf 75' lang='lat' dir='ltr'>quae</span> <span class='ocrx_word' id='word_1_32' title='bbox 771 646 887 725; x_wconf 89' lang='lat' dir='ltr'>species</span> <span class='ocrx_word' id='word_1_33' title='bbox 901 644 1077 724; x_wconf 86' lang='lat' dir='ltr'>adoptionis</span> 
     </span>
     <span class='ocr_line' id='line_1_6' title="bbox 81 740 1077 823; baseline 0 -25"><span class='ocrx_word' id='word_1_34' title='bbox 81 743 190 802; x_wconf 91' lang='lat' dir='ltr'>dicitur</span> <span class='ocrx_word' id='word_1_35' title='bbox 210 743 380 822; x_wconf 84' lang='lat' dir='ltr'>adrogati0,</span> <span class='ocrx_word' id='word_1_36' title='bbox 398 744 470 823; x_wconf 91' lang='lat' dir='ltr'>quia</span> <span class='ocrx_word' id='word_1_37' title='bbox 486 751 516 801; x_wconf 91' lang='lat' dir='ltr'>et</span> <span class='ocrx_word' id='word_1_38' title='bbox 535 744 561 800; x_wconf 90' lang='lat' dir='ltr'>is</span> <span class='ocrx_word' id='word_1_39' title='bbox 582 743 635 822; x_wconf 91' lang='lat' dir='ltr'>qui</span> <span class='ocrx_word' id='word_1_40' title='bbox 661 743 797 822; x_wconf 90' lang='lat' dir='ltr'>adoptat,</span> <span class='ocrx_word' id='word_1_41' title='bbox 820 749 956 820; x_wconf 89' lang='lat' dir='ltr'>rogatur,</span> <span class='ocrx_word' id='word_1_42' title='bbox 979 740 1009 798; x_wconf 92' lang='lat' dir='ltr'>id</span> <span class='ocrx_word' id='word_1_43' title='bbox 1031 748 1077 799; x_wconf 92' lang='lat' dir='ltr'>est</span> 
     </span>
     <span class='ocr_line' id='line_1_7' title="bbox 81 837 1076 918; baseline -0.001 -22"><span class='ocrx_word' id='word_1_44' title='bbox 81 840 285 917; x_wconf 71' lang='lat' dir='ltr'>interrogatur</span> <span class='ocrx_word' id='word_1_45' title='bbox 304 861 342 900; x_wconf 87' lang='lat' dir='ltr'>an</span> <span class='ocrx_word' id='word_1_46' title='bbox 365 840 440 898; x_wconf 89' lang='lat' dir='ltr'>velit</span> <span class='ocrx_word' id='word_1_47' title='bbox 459 860 540 912; x_wconf 85' lang='lat' dir='ltr'>eum,</span> <span class='ocrx_word' id='word_1_48' title='bbox 560 860 650 918; x_wconf 90' lang='lat' dir='ltr'>quem</span> <span class='ocrx_word' id='word_1_49' title='bbox 674 839 877 918; x_wconf 88' lang='lat' dir='ltr'>adoptaturus</span> <span class='ocrx_word' id='word_1_50' title='bbox 898 838 948 909; x_wconf 92' lang='lat' dir='ltr'>sit,</span> <span class='ocrx_word' id='word_1_51' title='bbox 958 837 1076 918; x_wconf 88' lang='lat' dir='ltr'>justum</span> 
     </span>
     <span class='ocr_line' id='line_1_8' title="bbox 80 933 1078 1016; baseline -0.002 -22"><span class='ocrx_word' id='word_1_52' title='bbox 80 936 134 994; x_wconf 88' lang='lat' dir='ltr'>sibi</span> <span class='ocrx_word' id='word_1_53' title='bbox 168 937 265 996; x_wconf 91' lang='lat' dir='ltr'>filium</span> <span class='ocrx_word' id='word_1_54' title='bbox 300 956 382 1009; x_wconf 88' lang='lat' dir='ltr'>esse;</span> <span class='ocrx_word' id='word_1_55' title='bbox 413 944 443 996; x_wconf 91' lang='lat' dir='ltr'>et</span> <span class='ocrx_word' id='word_1_56' title='bbox 473 937 498 994; x_wconf 92' lang='lat' dir='ltr'>is</span> <span class='ocrx_word' id='word_1_57' title='bbox 532 936 584 1016; x_wconf 91' lang='lat' dir='ltr'>qni</span> <span class='ocrx_word' id='word_1_58' title='bbox 609 936 783 1016; x_wconf 89' lang='lat' dir='ltr'>adoptatur,</span> <span class='ocrx_word' id='word_1_59' title='bbox 815 942 941 1012; x_wconf 90' lang='lat' dir='ltr'>rogatur</span> <span class='ocrx_word' id='word_1_60' title='bbox 972 953 1011 993; x_wconf 86' lang='lat' dir='ltr'>an</span> <span class='ocrx_word' id='word_1_61' title='bbox 1045 933 1078 992; x_wconf 94' lang='lat' dir='ltr'>id</span> 
     </span>
     <span class='ocr_line' id='line_1_9' title="bbox 81 1029 1077 1113; baseline -0.002 -23"><span class='ocrx_word' id='word_1_62' title='bbox 81 1035 141 1090; x_wconf 84' lang='lat' dir='ltr'>fieri</span> <span class='ocrx_word' id='word_1_63' title='bbox 157 1034 306 1112; x_wconf 86' lang='lat' dir='ltr'>patiatur;</span> <span class='ocrx_word' id='word_1_64' title='bbox 323 1040 354 1091; x_wconf 92' lang='lat' dir='ltr'>et</span> <span class='ocrx_word' id='word_1_65' title='bbox 373 1033 505 1113; x_wconf 91' lang='lat' dir='ltr'>populus</span> <span class='ocrx_word' id='word_1_66' title='bbox 523 1040 649 1111; x_wconf 88' lang='lat' dir='ltr'>rogatur</span> <span class='ocrx_word' id='word_1_67' title='bbox 661 1054 699 1092; x_wconf 92' lang='lat' dir='ltr'>an</span> <span class='ocrx_word' id='word_1_68' title='bbox 713 1033 742 1091; x_wconf 92' lang='lat' dir='ltr'>id</span> <span class='ocrx_word' id='word_1_69' title='bbox 762 1033 825 1091; x_wconf 88' lang='lat' dir='ltr'>lieri</span> <span class='ocrx_word' id='word_1_70' title='bbox 840 1032 959 1112; x_wconf 85' lang='lat' dir='ltr'>jubeat.</span> <span class='ocrx_word' id='word_1_71' title='bbox 977 1029 1077 1110; x_wconf 88' lang='lat' dir='ltr'>Impe-</span> 
     </span>
     <span class='ocr_line' id='line_1_10' title="bbox 81 1127 1076 1209; baseline -0.002 -23"><span class='ocrx_word' id='word_1_72' title='bbox 81 1131 124 1187; x_wconf 92' lang='lat' dir='ltr'>rio</span> <span class='ocrx_word' id='word_1_73' title='bbox 139 1130 337 1206; x_wconf 71' lang='lat' dir='ltr'>magistratus</span> <span class='ocrx_word' id='word_1_74' title='bbox 352 1130 534 1209; x_wconf 91' lang='lat' dir='ltr'>adoptamus</span> <span class='ocrx_word' id='word_1_75' title='bbox 550 1151 601 1188; x_wconf 92' lang='lat' dir='ltr'>eos</span> <span class='ocrx_word' id='word_1_76' title='bbox 617 1129 668 1209; x_wconf 91' lang='lat' dir='ltr'>qui</span> <span class='ocrx_word' id='word_1_77' title='bbox 688 1129 718 1187; x_wconf 91' lang='lat' dir='ltr'>in</span> <span class='ocrx_word' id='word_1_78' title='bbox 739 1136 890 1209; x_wconf 77' lang='lat' dir='ltr'>potestate</span> <span class='ocrx_word' id='word_1_79' title='bbox 902 1127 1076 1208; x_wconf 88' lang='lat' dir='ltr'>parentium</span> 
     </span>
     <span class='ocr_line' id='line_1_11' title="bbox 81 1223 1078 1306; baseline -0.003 -22"><span class='ocrx_word' id='word_1_80' title='bbox 81 1234 161 1298; x_wconf 91' lang='lat' dir='ltr'>suut,</span> <span class='ocrx_word' id='word_1_81' title='bbox 195 1226 293 1306; x_wconf 89' lang='lat' dir='ltr'>qualis</span> <span class='ocrx_word' id='word_1_82' title='bbox 315 1234 361 1285; x_wconf 92' lang='lat' dir='ltr'>est</span> <span class='ocrx_word' id='word_1_83' title='bbox 386 1227 467 1285; x_wconf 86' lang='lat' dir='ltr'>filius</span> <span class='ocrx_word' id='word_1_84' title='bbox 492 1233 522 1285; x_wconf 87' lang='lat' dir='ltr'>et</span> <span class='ocrx_word' id='word_1_85' title='bbox 542 1226 613 1299; x_wconf 85' lang='lat' dir='ltr'>filia,</span> <span class='ocrx_word' id='word_1_86' title='bbox 642 1225 690 1284; x_wconf 92' lang='lat' dir='ltr'>vel</span> <span class='ocrx_word' id='word_1_87' title='bbox 713 1246 808 1306; x_wconf 86' lang='lat' dir='ltr'>nepos</span> <span class='ocrx_word' id='word_1_88' title='bbox 838 1232 869 1284; x_wconf 91' lang='lat' dir='ltr'>et</span> <span class='ocrx_word' id='word_1_89' title='bbox 898 1225 1009 1304; x_wconf 81' lang='lat' dir='ltr'>neptis</span> <span class='ocrx_word' id='word_1_90' title='bbox 1038 1223 1078 1282; x_wconf 91' lang='lat' dir='ltr'>Et</span> 
     </span>
     <span class='ocr_line' id='line_1_12' title="bbox 79 1320 1075 1403; baseline -0.002 -23"><span class='ocrx_word' id='word_1_91' title='bbox 79 1323 270 1402; x_wconf 86' lang='lat' dir='ltr'>quidem&#39;illa</span> <span class='ocrx_word' id='word_1_92' title='bbox 294 1323 431 1402; x_wconf 85' lang='lat' dir='ltr'>adoptio,</span> <span class='ocrx_word' id='word_1_93' title='bbox 449 1343 517 1402; x_wconf 82' lang='lat' dir='ltr'>quae</span> <span class='ocrx_word' id='word_1_94' title='bbox 539 1343 595 1402; x_wconf 92' lang='lat' dir='ltr'>per</span> <span class='ocrx_word' id='word_1_95' title='bbox 614 1322 761 1403; x_wconf 88' lang='lat' dir='ltr'>populum</span> <span class='ocrx_word' id='word_1_96' title='bbox 782 1323 826 1394; x_wconf 88' lang='lat' dir='ltr'>fit,</span> <span class='ocrx_word' id='word_1_97' title='bbox 848 1332 997 1401; x_wconf 86' lang='lat' dir='ltr'>nusquam</span> <span class='ocrx_word' id='word_1_98' title='bbox 1018 1320 1075 1378; x_wconf 90' lang='lat' dir='ltr'>nisi</span> 
     </span>
     <span class='ocr_line' id='line_1_13' title="bbox 81 1413 1075 1498; baseline -0.001 -22"><span class='ocrx_word' id='word_1_99' title='bbox 81 1413 184 1477; x_wconf 74' lang='lat' dir='ltr'>ltomae</span> <span class='ocrx_word' id='word_1_100' title='bbox 196 1419 244 1494; x_wconf 63' lang='lat' dir='ltr'>fig</span> <span class='ocrx_word' id='word_1_101' title='bbox 260 1427 292 1478; x_wconf 94' lang='lat' dir='ltr'>at</span> <span class='ocrx_word' id='word_1_102' title='bbox 304 1421 370 1478; x_wconf 83' lang='lat' dir='ltr'>haec</span> <span class='ocrx_word' id='word_1_103' title='bbox 383 1419 474 1477; x_wconf 91' lang='lat' dir='ltr'>etiam</span> <span class='ocrx_word' id='word_1_104' title='bbox 488 1419 518 1477; x_wconf 92' lang='lat' dir='ltr'>in</span> <span class='ocrx_word' id='word_1_105' title='bbox 532 1419 701 1498; x_wconf 89' lang='lat' dir='ltr'>provinciis</span> <span class='ocrx_word' id='word_1_106' title='bbox 713 1419 794 1498; x_wconf 91' lang='lat' dir='ltr'>apud</span> <span class='ocrx_word' id='word_1_107' title='bbox 811 1419 956 1498; x_wconf 83' lang='lat' dir='ltr'>praesides</span> <span class='ocrx_word' id='word_1_108' title='bbox 971 1437 1075 1477; x_wconf 90' lang='lat' dir='ltr'>earnm</span> 
     </span>
     <span class='ocr_line' id='line_1_14' title="bbox 81 1515 1075 1596; baseline 0 -24"><span class='ocrx_word' id='word_1_109' title='bbox 81 1516 144 1574; x_wconf 84' lang='lat' dir='ltr'>fieri</span> <span class='ocrx_word' id='word_1_110' title='bbox 155 1516 242 1574; x_wconf 88' lang='lat' dir='ltr'>solet.</span> <span class='ocrx_word' id='word_1_111' title='bbox 259 1517 335 1574; x_wconf 87' lang='lat' dir='ltr'>Item</span> <span class='ocrx_word' id='word_1_112' title='bbox 347 1537 403 1596; x_wconf 94' lang='lat' dir='ltr'>per</span> <span class='ocrx_word' id='word_1_113' title='bbox 414 1515 563 1596; x_wconf 91' lang='lat' dir='ltr'>populum</span> <span class='ocrx_word' id='word_1_114' title='bbox 576 1515 698 1573; x_wconf 81' lang='lat' dir='ltr'>leminae</span> <span class='ocrx_word' id='word_1_115' title='bbox 711 1537 771 1574; x_wconf 91' lang='lat' dir='ltr'>non</span> <span class='ocrx_word' id='word_1_116' title='bbox 785 1516 987 1595; x_wconf 88' lang='lat' dir='ltr'>adoptantur;</span> <span class='ocrx_word' id='word_1_117' title='bbox 1005 1535 1075 1574; x_wconf 89' lang='lat' dir='ltr'>nam</span> 
     </span>
     <span class='ocr_line' id='line_1_15' title="bbox 82 1611 1076 1692; baseline 0.002 -24"><span class='ocrx_word' id='word_1_118' title='bbox 82 1612 109 1669; x_wconf 83' lang='lat' dir='ltr'>id</span> <span class='ocrx_word' id='word_1_119' title='bbox 124 1611 220 1690; x_wconf 89' lang='lat' dir='ltr'>magis</span> <span class='ocrx_word' id='word_1_120' title='bbox 240 1613 367 1692; x_wconf 87' lang='lat' dir='ltr'>placuit.</span> <span class='ocrx_word' id='word_1_121' title='bbox 387 1612 479 1692; x_wconf 87' lang='lat' dir='ltr'>Apud</span> <span class='ocrx_word' id='word_1_122' title='bbox 501 1621 665 1691; x_wconf 74' lang='lat' dir='ltr'>praetorem</span> <span class='ocrx_word' id='word_1_123' title='bbox 684 1632 768 1684; x_wconf 80' lang='lat' dir='ltr'>vem,</span> <span class='ocrx_word' id='word_1_124' title='bbox 787 1611 835 1671; x_wconf 87' lang='lat' dir='ltr'>vel</span> <span class='ocrx_word' id='word_1_125' title='bbox 856 1612 887 1670; x_wconf 90' lang='lat' dir='ltr'>in</span> <span class='ocrx_word' id='word_1_126' title='bbox 908 1611 1076 1691; x_wconf 89' lang='lat' dir='ltr'>provincils</span> 
     </span>
     <span class='ocr_line' id='line_1_16' title="bbox 80 1707 1077 1788; baseline 0 -22"><span class='ocrx_word' id='word_1_127' title='bbox 80 1708 159 1786; x_wconf 86' lang='lat' dir='ltr'>apud</span> <span class='ocrx_word' id='word_1_128' title='bbox 173 1708 389 1788; x_wconf 85' lang='lat' dir='ltr'>proconsulem</span> <span class='ocrx_word' id='word_1_129' title='bbox 404 1708 588 1786; x_wconf 87' lang='lat' dir='ltr'>legatumve,</span> <span class='ocrx_word' id='word_1_130' title='bbox 613 1709 705 1767; x_wconf 90' lang='lat' dir='ltr'>etiam</span> <span class='ocrx_word' id='word_1_131' title='bbox 727 1708 847 1768; x_wconf 81' lang='lat' dir='ltr'>lemiuae</span> <span class='ocrx_word' id='word_1_132' title='bbox 867 1707 967 1767; x_wconf 83' lang='lat' dir='ltr'>solent</span> <span class='ocrx_word' id='word_1_133' title='bbox 983 1707 1077 1787; x_wconf 82' lang='lat' dir='ltr'>adop·</span> 
     </span>
     <span class='ocr_line' id='line_1_17' title="bbox 81 1805 1076 1886; baseline 0.002 -25"><span class='ocrx_word' id='word_1_134' title='bbox 81 1805 145 1863; x_wconf 89' lang='lat' dir='ltr'>tari.</span> <span class='ocrx_word' id='word_1_135' title='bbox 171 1806 249 1863; x_wconf 89' lang='lat' dir='ltr'>Item</span> <span class='ocrx_word' id='word_1_136' title='bbox 267 1805 456 1885; x_wconf 89' lang='lat' dir='ltr'>impuberem</span> <span class='ocrx_word' id='word_1_137' title='bbox 477 1805 559 1885; x_wconf 91' lang='lat' dir='ltr'>apud</span> <span class='ocrx_word' id='word_1_138' title='bbox 581 1805 728 1885; x_wconf 90' lang='lat' dir='ltr'>populum</span> <span class='ocrx_word' id='word_1_139' title='bbox 751 1805 891 1886; x_wconf 86' lang='lat' dir='ltr'>adoptari</span> <span class='ocrx_word' id='word_1_140' title='bbox 911 1805 1076 1886; x_wconf 91' lang='lat' dir='ltr'>aliquando</span> 
     </span>
     <span class='ocr_line' id='line_1_18' title="bbox 81 1900 1076 1982; baseline 0.001 -23"><span class='ocrx_word' id='word_1_141' title='bbox 81 1900 264 1978; x_wconf 89' lang='lat' dir='ltr'>prohibitum</span> <span class='ocrx_word' id='word_1_142' title='bbox 282 1910 338 1974; x_wconf 91' lang='lat' dir='ltr'>est,</span> <span class='ocrx_word' id='word_1_143' title='bbox 351 1901 517 1982; x_wconf 89' lang='lat' dir='ltr'>aliquando</span> <span class='ocrx_word' id='word_1_144' title='bbox 533 1903 716 1982; x_wconf 89' lang='lat' dir='ltr'>permissum</span> <span class='ocrx_word' id='word_1_145' title='bbox 732 1910 787 1961; x_wconf 87' lang='lat' dir='ltr'>cst.</span> <span class='ocrx_word' id='word_1_146' title='bbox 806 1901 898 1981; x_wconf 85' lang='lat' dir='ltr'>Apud</span> <span class='ocrx_word' id='word_1_147' title='bbox 913 1908 1076 1981; x_wconf 73' lang='lat' dir='ltr'>praetorem</span> 
     </span>
     <span class='ocr_line' id='line_1_19' title="bbox 80 1998 1076 2078; baseline 0.004 -26"><span class='ocrx_word' id='word_1_148' title='bbox 80 2017 160 2072; x_wconf 87' lang='lat' dir='ltr'>vere,</span> <span class='ocrx_word' id='word_1_149' title='bbox 175 2005 206 2058; x_wconf 91' lang='lat' dir='ltr'>et</span> <span class='ocrx_word' id='word_1_150' title='bbox 220 1999 251 2056; x_wconf 92' lang='lat' dir='ltr'>in</span> <span class='ocrx_word' id='word_1_151' title='bbox 266 1998 434 2078; x_wconf 90' lang='lat' dir='ltr'>provinciis</span> <span class='ocrx_word' id='word_1_152' title='bbox 447 1999 528 2078; x_wconf 91' lang='lat' dir='ltr'>apud</span> <span class='ocrx_word' id='word_1_153' title='bbox 545 1998 758 2078; x_wconf 83' lang='lat' dir='ltr'>proconsulem</span> <span class='ocrx_word' id='word_1_154' title='bbox 773 1998 956 2075; x_wconf 87' lang='lat' dir='ltr'>legatumve,</span> <span class='ocrx_word' id='word_1_155' title='bbox 972 1998 1076 2077; x_wconf 85' lang='lat' dir='ltr'>cujus-</span> 
     </span>
     <span class='ocr_line' id='line_1_20' title="bbox 78 2094 1076 2175; baseline 0.004 -25"><span class='ocrx_word' id='word_1_156' title='bbox 78 2115 205 2173; x_wconf 86' lang='lat' dir='ltr'>cumque</span> <span class='ocrx_word' id='word_1_157' title='bbox 229 2096 329 2154; x_wconf 88' lang='lat' dir='ltr'>eetatis</span> <span class='ocrx_word' id='word_1_158' title='bbox 345 2094 491 2174; x_wconf 91' lang='lat' dir='ltr'>adoptare</span> <span class='ocrx_word' id='word_1_159' title='bbox 518 2115 692 2175; x_wconf 81' lang='lat' dir='ltr'>possumne.</span> <span class='ocrx_word' id='word_1_160' title='bbox 719 2094 799 2153; x_wconf 95' lang='lat' dir='ltr'>lllud</span> <span class='ocrx_word' id='word_1_161' title='bbox 823 2115 896 2153; x_wconf 91' lang='lat' dir='ltr'>vero</span> <span class='ocrx_word' id='word_1_162' title='bbox 916 2094 1076 2174; x_wconf 86' lang='lat' dir='ltr'>utriusque</span> 
     </span>
     <span class='ocr_line' id='line_1_21' title="bbox 79 2191 1075 2272; baseline 0.003 -25"><span class='ocrx_word' id='word_1_163' title='bbox 79 2191 250 2271; x_wconf 85' lang='lat' dir='ltr'>adoptionis</span> <span class='ocrx_word' id='word_1_164' title='bbox 275 2211 438 2252; x_wconf 91' lang='lat' dir='ltr'>commune</span> <span class='ocrx_word' id='word_1_165' title='bbox 462 2199 519 2264; x_wconf 81' lang='lat' dir='ltr'>est,</span> <span class='ocrx_word' id='word_1_166' title='bbox 546 2192 616 2272; x_wconf 92' lang='lat' dir='ltr'>quia</span> <span class='ocrx_word' id='word_1_167' title='bbox 643 2198 674 2250; x_wconf 89' lang='lat' dir='ltr'>et</span> <span class='ocrx_word' id='word_1_168' title='bbox 699 2191 730 2250; x_wconf 94' lang='lat' dir='ltr'>hi</span> <span class='ocrx_word' id='word_1_169' title='bbox 761 2192 814 2270; x_wconf 92' lang='lat' dir='ltr'>qui</span> <span class='ocrx_word' id='word_1_170' title='bbox 840 2211 985 2269; x_wconf 91' lang='lat' dir='ltr'>generare</span> <span class='ocrx_word' id='word_1_171' title='bbox 1013 2211 1075 2250; x_wconf 89' lang='lat' dir='ltr'>nou</span> 
     </span>
     <span class='ocr_line' id='line_1_22' title="bbox 79 2287 1076 2368; baseline 0.004 -24"><span class='ocrx_word' id='word_1_172' title='bbox 79 2295 216 2364; x_wconf 91' lang='lat' dir='ltr'>possunt,</span> <span class='ocrx_word' id='word_1_173' title='bbox 234 2288 338 2368; x_wconf 91' lang='lat' dir='ltr'>quales</span> <span class='ocrx_word' id='word_1_174' title='bbox 354 2298 425 2347; x_wconf 91' lang='lat' dir='ltr'>sunt</span> <span class='ocrx_word' id='word_1_175' title='bbox 438 2287 600 2368; x_wconf 75' lang='lat' dir='ltr'>spadones,</span> <span class='ocrx_word' id='word_1_176' title='bbox 618 2288 765 2368; x_wconf 91' lang='lat' dir='ltr'>adoptare</span> <span class='ocrx_word' id='word_1_177' title='bbox 783 2296 923 2368; x_wconf 89' lang='lat' dir='ltr'>possunt.</span> <span class='ocrx_word' id='word_1_178' title='bbox 941 2288 1076 2348; x_wconf 84' lang='lat' dir='ltr'>Femiuae</span> 
     </span>
     <span class='ocr_line' id='line_1_23' title="bbox 80 2383 1076 2465; baseline 0.004 -25"><span class='ocrx_word' id='word_1_179' title='bbox 80 2405 150 2442; x_wconf 88' lang='lat' dir='ltr'>vero</span> <span class='ocrx_word' id='word_1_180' title='bbox 164 2384 250 2444; x_wconf 90' lang='lat' dir='ltr'>nullo</span> <span class='ocrx_word' id='word_1_181' title='bbox 267 2384 359 2443; x_wconf 91' lang='lat' dir='ltr'>modo</span> <span class='ocrx_word' id='word_1_182' title='bbox 377 2384 524 2464; x_wconf 91' lang='lat' dir='ltr'>adoptare</span> <span class='ocrx_word' id='word_1_183' title='bbox 540 2393 681 2464; x_wconf 83' lang='lat' dir='ltr'>possunt,</span> <span class='ocrx_word' id='word_1_184' title='bbox 700 2385 772 2464; x_wconf 89' lang='lat' dir='ltr'>quia</span> <span class='ocrx_word' id='word_1_185' title='bbox 786 2405 823 2443; x_wconf 89' lang='lat' dir='ltr'>ne</span> <span class='ocrx_word' id='word_1_186' title='bbox 839 2383 992 2444; x_wconf 86' lang='lat' dir='ltr'>naturales</span> <span class='ocrx_word' id='word_1_187' title='bbox 1009 2386 1076 2465; x_wconf 87' lang='lat' dir='ltr'>qui-</span> 
     </span>
     <span class='ocr_line' id='line_1_24' title="bbox 79 2480 626 2561; baseline 0.009 -24"><span class='ocrx_word' id='word_1_188' title='bbox 79 2480 148 2539; x_wconf 90' lang='lat' dir='ltr'>dem</span> <span class='ocrx_word' id='word_1_189' title='bbox 163 2480 277 2539; x_wconf 91' lang='lat' dir='ltr'>liberos</span> <span class='ocrx_word' id='word_1_190' title='bbox 290 2481 320 2538; x_wconf 91' lang='lat' dir='ltr'>iu</span> <span class='ocrx_word' id='word_1_191' title='bbox 334 2487 487 2561; x_wconf 88' lang='lat' dir='ltr'>potestate</span> <span class='ocrx_word' id='word_1_192' title='bbox 502 2481 626 2542; x_wconf 85' lang='lat' dir='ltr'>habent.</span> 
     </span>
    </p>
   </div>
   <div class='ocr_carea' id='block_1_3' title="bbox 167 2664 985 2834">
    <p class='ocr_par' dir='ltr' id='par_1_5' title="bbox 167 2664 985 2834">
     <span class='ocr_line' id='line_1_25' title="bbox 167 2664 985 2736; baseline 0 -15"><span class='ocrx_word' id='word_1_193' title='bbox 167 2665 248 2724; x_wconf 83' lang='lat'><strong>183.</strong></span> <span class='ocrx_word' id='word_1_194' title='bbox 269 2664 404 2722; x_wconf 85' lang='lat' dir='ltr'>contre</span> <span class='ocrx_word' id='word_1_195' title='bbox 423 2666 479 2722; x_wconf 88' lang='lat' dir='ltr'>les</span> <span class='ocrx_word' id='word_1_196' title='bbox 499 2665 695 2736; x_wconf 78' lang='lat' dir='ltr'>adoptione</span> <span class='ocrx_word' id='word_1_197' title='bbox 714 2666 985 2725; x_wconf 82' lang='lat' dir='ltr'>fraudulenses.</span> 
     </span>
     <span class='ocr_line' id='line_1_26' title="bbox 323 2750 830 2834; baseline 0 -23"><span class='ocrx_word' id='word_1_198' title='bbox 323 2751 373 2833; x_wconf 79' lang='lat' dir='ltr'>(In</span> <span class='ocrx_word' id='word_1_199' title='bbox 386 2750 606 2832; x_wconf 80' lang='lat' dir='ltr'>fraudulentas</span> <span class='ocrx_word' id='word_1_200' title='bbox 623 2751 830 2834; x_wconf 71' lang='lat' dir='ltr'>adoptiones)</span> 
     </span>
    </p>
   </div>
   <div class='ocr_carea' id='block_1_4' title="bbox 12 2909 1140 3861">
    <p class='ocr_par' dir='ltr' id='par_1_6' title="bbox 76 2909 1140 3183">
     <span class='ocr_line' id='line_1_27' title="bbox 113 2909 1140 2991; baseline -0.001 -23"><span class='ocrx_word' id='word_1_201' title='bbox 113 2910 225 2986; x_wconf 83' lang='lat' dir='ltr'>Legem</span> <span class='ocrx_word' id='word_1_202' title='bbox 246 2909 371 2989; x_wconf 88' lang='lat' dir='ltr'>Papiam</span> <span class='ocrx_word' id='word_1_203' title='bbox 394 2909 559 2990; x_wconf 90' lang='lat' dir='ltr'>Poppaeam</span> <span class='ocrx_word' id='word_1_204' title='bbox 583 2910 684 2969; x_wconf 89' lang='lat' dir='ltr'>senior</span> <span class='ocrx_word' id='word_1_205' title='bbox 707 2914 865 2988; x_wconf 92' lang='lat' dir='ltr'>Augustus</span> <span class='ocrx_word' id='word_1_206' title='bbox 887 2919 957 2991; x_wconf 90' lang='lat' dir='ltr'>post</span> <span class='ocrx_word' id='word_1_207' title='bbox 977 2913 994 2970; x_wconf 88' lang='lat' dir='ltr'>J</span> <span class='ocrx_word' id='word_1_208' title='bbox 1000 2912 1074 2970; x_wconf 90' lang='lat' dir='ltr'>ulias</span> <span class='ocrx_word' id='word_1_209' title='bbox 1100 2928 1140 2991; x_wconf 75' lang='lat'>2·</span> 
     </span>
     <span class='ocr_line' id='line_1_28' title="bbox 76 3005 1073 3086; baseline 0.004 -27"><span class='ocrx_word' id='word_1_210' title='bbox 76 3005 248 3082; x_wconf 80' lang='lat' dir='ltr'>rogationes</span> <span class='ocrx_word' id='word_1_211' title='bbox 267 3012 410 3064; x_wconf 80' lang='lat' dir='ltr'>sanxerat</span> <span class='ocrx_word' id='word_1_212' title='bbox 426 3006 591 3065; x_wconf 89' lang='lat' dir='ltr'>incitandis</span> <span class='ocrx_word' id='word_1_213' title='bbox 610 3006 752 3065; x_wconf 72' lang='lat' dir='ltr'>caelibum</span> <span class='ocrx_word' id='word_1_214' title='bbox 772 3008 872 3086; x_wconf 88' lang='lat' dir='ltr'>poenis</span> <span class='ocrx_word' id='word_1_215' title='bbox 888 3014 918 3066; x_wconf 90' lang='lat' dir='ltr'>et</span> <span class='ocrx_word' id='word_1_216' title='bbox 933 3007 1073 3084; x_wconf 87' lang='lat' dir='ltr'>augendo</span> 
     </span>
     <span class='ocr_line' id='line_1_29' title="bbox 76 3102 1073 3183; baseline 0.004 -25"><span class='ocrx_word' id='word_1_217' title='bbox 76 3103 192 3173; x_wconf 70' lang='lat' dir='ltr'>aerario,</span> <span class='ocrx_word' id='word_1_218' title='bbox 212 3102 410 3183; x_wconf 86' lang='lat' dir='ltr'>edixeratque</span> <span class='ocrx_word' id='word_1_219' title='bbox 442 3127 457 3160; x_wconf 79' lang='lat' dir='ltr'>u</span> <span class='ocrx_word' id='word_1_220' title='bbox 480 3103 533 3182; x_wconf 94' lang='lat' dir='ltr'>qui</span> <span class='ocrx_word' id='word_1_221' title='bbox 564 3103 796 3162; x_wconf 89' lang='lat' dir='ltr'>candidatorum</span> <span class='ocrx_word' id='word_1_222' title='bbox 828 3102 931 3183; x_wconf 91' lang='lat' dir='ltr'>plures</span> <span class='ocrx_word' id='word_1_223' title='bbox 961 3104 1073 3162; x_wconf 87' lang='lat' dir='ltr'>liberos</span> 
     </span>
    </p>

    <p class='ocr_par' dir='ltr' id='par_1_7' title="bbox 12 3197 1073 3279">
     <span class='ocr_line' id='line_1_30' title="bbox 12 3197 1073 3279; baseline 0.006 -25"><span class='ocrx_word' id='word_1_224' title='bbox 12 3205 13 3278; x_wconf 63' lang='lat' dir='ltr'>t</span> <span class='ocrx_word' id='word_1_225' title='bbox 75 3197 242 3270; x_wconf 86' lang='lat' dir='ltr'>habuisset,</span> <span class='ocrx_word' id='word_1_226' title='bbox 256 3199 416 3278; x_wconf 90' lang='lat' dir='ltr'>praelatum</span> <span class='ocrx_word' id='word_1_227' title='bbox 431 3199 466 3270; x_wconf 85' lang='lat' dir='ltr'>iri</span> <span class='ocrx_word' id='word_1_228' title='bbox 482 3224 508 3259; x_wconf 71' lang='lat' dir='ltr'>n.</span> <span class='ocrx_word' id='word_1_229' title='bbox 524 3200 550 3257; x_wconf 94' lang='lat' dir='ltr'>N</span> <span class='ocrx_word' id='word_1_230' title='bbox 554 3221 587 3259; x_wconf 92' lang='lat' dir='ltr'>ec</span> <span class='ocrx_word' id='word_1_231' title='bbox 598 3199 667 3258; x_wconf 89' lang='lat' dir='ltr'>ideo</span> <span class='ocrx_word' id='word_1_232' title='bbox 680 3200 823 3279; x_wconf 84' lang='lat' dir='ltr'>conjugia</span> <span class='ocrx_word' id='word_1_233' title='bbox 835 3208 866 3259; x_wconf 89' lang='lat' dir='ltr'>et</span> <span class='ocrx_word' id='word_1_234' title='bbox 876 3201 1073 3260; x_wconf 89' lang='lat' dir='ltr'>educationes</span> 
     </span>
    </p>

    <p class='ocr_par' dir='ltr' id='par_1_8' title="bbox 12 3293 1074 3377">
     <span class='ocr_line' id='line_1_31' title="bbox 12 3293 1074 3377; baseline 0.006 -27"><span class='ocrx_word' id='word_1_235' title='bbox 12 3359 13 3366; x_wconf 8' lang='grc' dir='ltr'>χ</span> <span class='ocrx_word' id='word_1_236' title='bbox 75 3293 204 3352; x_wconf 85' lang='lat' dir='ltr'>liberum</span> <span class='ocrx_word' id='word_1_237' title='bbox 222 3295 507 3374; x_wconf 88' lang='lat' dir='ltr'>frequentabantur,</span> <span class='ocrx_word' id='word_1_238' title='bbox 533 3296 708 3374; x_wconf 89' lang='lat' dir='ltr'>praevalida</span> <span class='ocrx_word' id='word_1_239' title='bbox 729 3296 871 3356; x_wconf 91' lang='lat' dir='ltr'>orbitate.</span> <span class='ocrx_word' id='word_1_240' title='bbox 893 3297 982 3370; x_wconf 84' lang='lat' dir='ltr'>Nam,</span> <span class='ocrx_word' id='word_1_241' title='bbox 1004 3306 1074 3377; x_wconf 75' lang='lat' dir='ltr'>post</span> 
     </span>
    </p>

    <p class='ocr_par' dir='ltr' id='par_1_9' title="bbox 12 3391 1070 3476">
     <span class='ocr_line' id='line_1_32' title="bbox 12 3391 1070 3476; baseline 0.006 -29"><span class='ocrx_word' id='word_1_242' title='bbox 12 3435 13 3476; x_wconf 59' lang='lat'><em>5</em></span> <span class='ocrx_word' id='word_1_243' title='bbox 75 3392 203 3468; x_wconf 82' lang='lat' dir='ltr'>Augusti</span> <span class='ocrx_word' id='word_1_244' title='bbox 219 3391 438 3470; x_wconf 88' lang='lat' dir='ltr'>principatum,</span> <span class='ocrx_word' id='word_1_245' title='bbox 455 3393 670 3471; x_wconf 87' lang='lat' dir='ltr'>percrebuerat</span> <span class='ocrx_word' id='word_1_246' title='bbox 685 3393 885 3472; x_wconf 89' lang='lat' dir='ltr'>pravissimus</span> <span class='ocrx_word' id='word_1_247' title='bbox 899 3414 974 3465; x_wconf 78' lang='lat' dir='ltr'>moS,</span> <span class='ocrx_word' id='word_1_248' title='bbox 990 3415 1070 3462; x_wconf 84' lang='lat' dir='ltr'>cum,</span> 
     </span>
    </p>

    <p class='ocr_par' dir='ltr' id='par_1_10' title="bbox 12 3479 1072 3861">
     <span class='ocr_line' id='line_1_33' title="bbox 12 3479 1072 3570; baseline 0.006 -27"><span class='ocrx_word' id='word_1_249' title='bbox 12 3479 14 3530; x_wconf 71' lang='grc' dir='ltr'>ἶ</span> <span class='ocrx_word' id='word_1_250' title='bbox 75 3487 257 3567; x_wconf 88' lang='lat' dir='ltr'>propinquis</span> <span class='ocrx_word' id='word_1_251' title='bbox 273 3489 406 3546; x_wconf 90' lang='lat' dir='ltr'>comitiis</span> <span class='ocrx_word' id='word_1_252' title='bbox 424 3497 478 3547; x_wconf 90' lang='lat' dir='ltr'>aut</span> <span class='ocrx_word' id='word_1_253' title='bbox 492 3498 573 3548; x_wconf 87' lang='lat' dir='ltr'>sorte</span> <span class='ocrx_word' id='word_1_254' title='bbox 590 3490 831 3568; x_wconf 89' lang='lat' dir='ltr'>provinciarum,</span> <span class='ocrx_word' id='word_1_255' title='bbox 848 3489 986 3570; x_wconf 90' lang='lat' dir='ltr'>plerique</span> <span class='ocrx_word' id='word_1_256' title='bbox 1006 3492 1072 3549; x_wconf 91' lang='lat' dir='ltr'>orbi</span> 
     </span>
     <span class='ocr_line' id='line_1_34' title="bbox 74 3583 1072 3666; baseline 0.006 -26"><span class='ocrx_word' id='word_1_257' title='bbox 74 3583 152 3641; x_wconf 92' lang='lat' dir='ltr'>fictis</span> <span class='ocrx_word' id='word_1_258' title='bbox 169 3583 387 3663; x_wconf 86' lang='lat' dir='ltr'>adoptionibus</span> <span class='ocrx_word' id='word_1_259' title='bbox 400 3585 605 3645; x_wconf 85' lang='lat' dir='ltr'>adsciscerent</span> <span class='ocrx_word' id='word_1_260' title='bbox 625 3587 714 3657; x_wconf 68' lang='lat' dir='ltr'>filios</span> <span class='ocrx_word' id='word_1_261' title='bbox 733 3592 942 3665; x_wconf 74' lang='lat' dir='ltr'>praeturasque</span> <span class='ocrx_word' id='word_1_262' title='bbox 958 3595 987 3646; x_wconf 88' lang='lat' dir='ltr'>ct</span> <span class='ocrx_word' id='word_1_263' title='bbox 1005 3609 1072 3666; x_wconf 92' lang='lat' dir='ltr'>pro·</span> 
     </span>
     <span class='ocr_line' id='line_1_35' title="bbox 74 3680 1072 3764; baseline 0.006 -28"><span class='ocrx_word' id='word_1_264' title='bbox 74 3680 193 3738; x_wconf 90' lang='lat' dir='ltr'>vincias</span> <span class='ocrx_word' id='word_1_265' title='bbox 212 3680 293 3739; x_wconf 89' lang='lat' dir='ltr'>inter</span> <span class='ocrx_word' id='word_1_266' title='bbox 312 3689 413 3760; x_wconf 90' lang='lat' dir='ltr'>patres</span> <span class='ocrx_word' id='word_1_267' title='bbox 435 3683 536 3740; x_wconf 90' lang='lat' dir='ltr'>sortiti</span> <span class='ocrx_word' id='word_1_268' title='bbox 559 3683 663 3741; x_wconf 91' lang='lat' dir='ltr'>statim</span> <span class='ocrx_word' id='word_1_269' title='bbox 685 3683 861 3742; x_wconf 89' lang='lat' dir='ltr'>emitterent</span> <span class='ocrx_word' id='word_1_270' title='bbox 882 3704 974 3742; x_wconf 88' lang='lat' dir='ltr'>manu</span> <span class='ocrx_word' id='word_1_271' title='bbox 995 3704 1072 3764; x_wconf 90' lang='lat' dir='ltr'>quos</span> 
     </span>
     <span class='ocr_line' id='line_1_36' title="bbox 78 3776 1072 3861; baseline 0.006 -29"><span class='ocrx_word' id='word_1_272' title='bbox 78 3776 314 3855; x_wconf 88' lang='lat' dir='ltr'>adoptaverant.</span> <span class='ocrx_word' id='word_1_273' title='bbox 349 3779 428 3857; x_wconf 86' lang='lat' dir='ltr'>Ergo</span> <span class='ocrx_word' id='word_1_274' title='bbox 452 3779 607 3838; x_wconf 91' lang='lat' dir='ltr'>candidati</span> <span class='ocrx_word' id='word_1_275' title='bbox 635 3780 686 3859; x_wconf 91' lang='lat' dir='ltr'>qui</span> <span class='ocrx_word' id='word_1_276' title='bbox 715 3780 818 3861; x_wconf 89' lang='lat' dir='ltr'>plures</span> <span class='ocrx_word' id='word_1_277' title='bbox 846 3801 862 3839; x_wconf 92' lang='lat' dir='ltr'>a</span> <span class='ocrx_word' id='word_1_278' title='bbox 892 3802 923 3839; x_wconf 91' lang='lat' dir='ltr'>se</span> <span class='ocrx_word' id='word_1_279' title='bbox 951 3781 1072 3858; x_wconf 90' lang='lat' dir='ltr'>genitos</span> 
     </span>
    </p>
   </div>
   <div class='ocr_carea' id='block_1_5' title="bbox 493 3932 651 3982">
    <p class='ocr_par' dir='ltr' id='par_1_11' title="bbox 493 3932 651 3982">
     <span class='ocr_line' id='line_1_37' title="bbox 493 3932 651 3982; baseline 0 -1"><span class='ocrx_word' id='word_1_280' title='bbox 493 3932 651 3982; x_wconf 76' lang='lat'>-127-</span> 
     </span>
    </p>
   </div>
   <div class='ocr_carea' id='block_1_6' title="bbox 0 0 1332 4258">
    <p class='ocr_par' dir='ltr' id='par_1_12' title="bbox 0 0 1332 4258">
     <span class='ocr_line' id='line_1_38' title="bbox 0 0 1332 4258; baseline 0 1"><span class='ocrx_word' id='word_1_281' title='bbox 0 0 1332 4258; x_wconf 95' lang='lat' dir='ltr'> </span> 
     </span>
    </p>
   </div>
  </div>
 </body>
</html>
