2682 4258
298 191 382 248 453.
404 193 457 247 La
476 191 621 247 charite
643 191 858 247 stolcienne.

327 294 384 372 (De
404 293 581 354 Stoicorum
608 293 850 372 misericordia.)

127 452 399 538 Misericordiaest
421 454 573 530 aegritudo
593 455 686 514 animi
707 454 746 514 ob
767 453 935 516 alienarum
952 454 1088 514 miseria·
1116 455 1155 519 2·

87 571 156 608 rum
180 550 324 629 speciem.
346 546 509 629 AEgritudo
536 559 638 610 autern
657 553 687 609 in
709 551 877 630 sapientem
901 552 1001 610 virum
1027 572 1088 610 non

86 647 194 706 cadit:
221 667 327 705 serena
352 648 418 726 ejus
441 669 527 706 mens
549 655 606 719 cst,
628 649 829 729 eamdemque
858 669 978 728 semper
1002 657 1032 708 et
1057 649 1088 707 in

87 744 151 803 suis
177 751 208 802 et
229 743 261 802 in
282 743 390 802 alienis
411 745 638 803 calamitatibus
653 745 763 803 faciem
793 754 905 816 servat,
924 744 1086 824 placidam,

86 840 321 900 inconcussam:
341 842 424 920 quod
439 843 537 900 lacere
553 862 613 900 non
629 850 743 922 posset,
759 841 784 899 si
800 842 957 902 tristitiam
974 842 1089 921 recipe·

87 945 145 997 ret.
174 936 254 1014 Ergo
283 937 403 1016 sapiens
429 958 488 996 non
514 938 687 1011 miseretur,
720 939 792 1017 quia
813 937 843 998 id
874 937 938 997 sine
965 939 1088 1006 miseria

86 1033 259 1094 animinon
276 1034 312 1092 fit
330 1052 336 1086 t
354 1042 454 1093 cetera
479 1035 582 1096 omnia
606 1056 675 1114 quae
700 1035 753 1115 qui
776 1035 960 1106 miserentur
989 1036 1088 1094 solent

85 1131 198 1200 lacere,
228 1130 326 1189 libens
362 1138 393 1190 et
414 1131 493 1190 altus
530 1131 632 1191 animo
663 1132 765 1191 faciet.
790 1133 956 1191 Succurret
981 1132 1088 1191 alienis

86 1225 231 1299 lacrimis,
249 1247 310 1286 non
323 1225 466 1301 accedet3
483 1228 569 1287 dabit
584 1249 708 1287 manum
730 1229 892 1306 naulrag0,
903 1229 1005 1288 exsuli
1017 1228 1088 1288 hos-

3 1335 4 1350 *
86 1324 210 1402 pitium,
228 1324 330 1401 egenti
344 1325 468 1405 stipem,
485 1346 546 1382 non
563 1325 640 1383 hanc
660 1324 924 1396 contumeliosam,
941 1347 1001 1404 qua
1018 1346 1089 1405 pars

86 1420 187 1500 major
201 1420 323 1492 horum,
340 1421 393 1501 qui
411 1442 442 1480 se
456 1421 668 1480 misericordes
684 1422 781 1481 videri
798 1422 919 1492 volunt,
936 1422 1043 1502 abjicit
1058 1430 1089 1482 et

87 1517 207 1576 fastidit
234 1537 311 1598 quos
337 1517 475 1596 adjuvat,
499 1519 698 1598 contingique
726 1519 764 1577 ab
786 1519 832 1576 his
851 1519 949 1588 timet,
982 1519 1035 1577 sed
1054 1528 1084 1578 ut

3 1595 4 1626 ἶ
86 1613 182 1673 homo
198 1612 313 1671 homini
327 1634 364 1690 err
378 1615 534 1673 communi
550 1614 644 1674 dabit.
668 1615 805 1674 Donabit
824 1615 958 1674 lacrimis
978 1624 1087 1674 mater-

86 1709 136 1768 nis
160 1709 257 1768 filium
280 1716 311 1769 et
335 1717 458 1770 catenas
483 1712 560 1769 solvi
586 1711 732 1790 jubebit:
756 1711 808 1770 scd
829 1713 990 1771 lacietista
1006 1720 1088 1770 tran·

85 1805 181 1886 quilla
207 1815 320 1880 mente,
340 1807 429 1866 vultu
456 1829 522 1867 suo.
553 1809 633 1886 Ergo
661 1829 721 1867 non
738 1809 933 1868 miserebitur
952 1810 1084 1889 sapiens,

84 1903 140 1962 sed
162 1908 330 1974 succurret,
350 1904 403 1963 sed
421 1904 567 1984 proderit,
591 1905 621 1963 in
646 1926 809 1964 commune
828 1906 976 1963 auxilium
997 1914 1087 1965 natus
1168 1967 1170 1974 ,

85 2021 122 2058 ac
138 1999 298 2078 publicum
311 2000 437 2074 bonum,
455 2022 491 2060 ex
507 2022 568 2080 quo
584 2001 670 2060 dabit
687 2001 798 2081 cuique
814 2010 941 2081 partem.
959 2003 1085 2060 Vultum

84 2095 212 2176 quidem
229 2117 290 2156 non
306 2097 432 2177 dejiciet
447 2119 502 2156 nec
518 2099 653 2156 animum
671 2098 710 2156 ob
726 2119 795 2156 crus
809 2098 941 2177 alicujus
955 2098 1084 2170 aridum,

84 2201 141 2252 aut
161 2212 330 2273 pannosam
357 2195 496 2267 maciem,
522 2202 553 2253 et
577 2195 713 2253 innixam
737 2195 846 2253 baculo
874 2203 1084 2254 senectutem:

83 2296 222 2349 ceterum
238 2290 380 2349 omnibus
389 2291 490 2368 dignis
503 2292 650 2370 proderit,
663 2299 704 2366 et,
718 2291 846 2350 deorum
855 2312 949 2363 more,
966 2291 1087 2350 calami-

84 2394 171 2446 tosos
186 2385 341 2465 propitius
354 2388 508 2468 respiciet.

446 2618 531 2674 460.
552 2622 605 2675 La
622 2617 722 2687 pitia.

435 2721 492 2802 (De
514 2721 734 2804 miseratione.)

564 2881 850 2942 Mollissimacorda
913 2932 915 2940 .

86 2975 234 3034 Humano
255 2977 360 3054 generi
381 2977 453 3036 dare
475 2999 506 3036 se
529 2978 643 3036 Natura
666 2979 790 3050 latetur,

84 3071 160 3138 Quae
184 3070 326 3132 lacrimas
349 3073 435 3132 dedit
458 3092 464 3133 :
489 3074 554 3131 haec
577 3075 673 3133 nostri
696 3095 766 3153 pars
788 3076 904 3154 optima
928 3097 1044 3136 sensus.

87 3165 215 3224 Plorare
231 3183 305 3241 ergo
323 3163 414 3243 jubet
428 3182 551 3220 causam
568 3161 698 3220 dicentis
716 3161 804 3220 amici

86 3261 273 3341 Squalorem
295 3268 387 3338 atque
410 3260 468 3332 rei;
489 3259 639 3338 pupillum
664 3258 701 3316 ad
719 3259 791 3338 jura
812 3265 973 3315 vocantem

82 3345 405 3427 Circumscriptorem,
429 3350 518 3429 cujus
540 3353 693 3411 manantia
716 3355 790 3412 fletu

81 3443 144 3503 Ora
166 3443 317 3523 puellares
339 3446 458 3505 faciunt
478 3447 593 3506 incerta
615 3450 728 3528 capilli.

81 3541 210 3599 Naturae
233 3540 362 3621 imperio
384 3545 544 3620 gemimus,
568 3565 637 3603 cum
660 3547 753 3605 funus
775 3548 887 3608 adultae

81 3637 221 3715 Virginis
243 3639 388 3712 occurrit,
412 3641 460 3697 vel
482 3648 562 3700 terra
584 3642 740 3701 clauditur
761 3645 861 3704 infans

6 3819 7 3828 ἵ
81 3735 122 3793 Et
144 3735 246 3793 minor
267 3734 338 3812 igne
359 3737 435 3815 rogi.
460 3737 533 3804 Quis
556 3738 637 3797 enim
659 3738 757 3799 bonus
775 3749 806 3799 ct
827 3743 892 3801 lace
915 3745 1025 3824 dignus

504 3944 539 3954 -
558 3915 609 3965 333
624 3913 663 3954 '-
