2678 4250
272 166 356 225 265.
381 168 457 223 Les·
470 164 742 232 bibliotheques
767 163 812 219 de
825 163 919 219 luxe.

213 272 273 354 (De
296 269 495 331 bibliothecis
519 267 561 330 ad
579 266 814 329 ostentationem
830 264 977 348 paratis.)

28 427 29 434 ¹
132 431 203 498 -Quo
218 428 456 489 innumerabiles
471 427 565 486 libros
577 434 608 485 et
622 425 837 494 bibliothecas
855 413 985 504 quarum
1002 419 1098 482 domi·
1127 421 1166 486 2·

83 515 198 586 ‘minus
220 527 275 586 vix
297 534 363 586 tota
382 526 446 584 vita
473 525 590 583 indices
613 523 767 603 perlegit?
791 521 906 580 Onerat
929 521 1099 580 discentem

27 643 29 660 ³
85 619 196 696 turba,
213 645 277 682 non
290 623 426 696 instruit,
443 619 603 701 m'ultoque
620 621 716 679 satius
732 627 777 677 est
797 618 950 698 paucislte
963 618 1100 677 auctori·

27 797 28 800 Ἴ
97 723 153 780 bus
172 721 294 780 tradere
315 717 407 800 quam
429 739 530 778 errare
560 716 757 797 permultos.
780 714 990 792 Quadraginta
1004 712 1100 792 ,milia
1130 795 1132 798 ι

27 801 28 806 ¹
95 817 245 876 librorum
265 812 406 876 arserunt
425 815 620 906 Alexandria
638 812 913 894 :pulcherrimum
934 810 1099 891 opulentiae

27 951 28 998 3
96 915 187 994 regiae
206 920 441 974 mouumentum
460 912 539 972 alius
560 910 743 981 laudaverit,
758 910 839 968 sicut
857 909 892 968 T.
908 907 1023 990 Livius
1046 906 1099 988 qui

27 999 29 1036 ἶ
96 1007 1098 1088 «ele‘gantiaeregumcuraequeegregiumidopusaitluisse».'N0n

27 1099 28 1114 ³
97 1099 155 1160 tuit
171 1100 321 1178 elegantia
334 1099 411 1181 illud
424 1107 571 1169 auteura,
586 1100 638 1159 sed
652 1099 937 1180 studiosaluxuria,
953 1099 1048 1157 immo
1062 1119 1099 1157 ne

27 1189 29 1290 ζ
96 1195 233 1255 studiosa
248 1197 385 1280 quidem,
402 1197 547 1275 quoniam
567 1216 628 1254 non
648 1197 680 1254 in
700 1195 846 1267 studium,
864 1195 963 1264 sedin
982 1202 1099 1275 specta·
1212 1267 1215 1274 Ι

27 1291 28 1300 ’
96 1294 199 1352 culum
212 1300 484 1372 comparaverant:
502 1293 583 1351 sicut
596 1292 750 1372 plerisque
764 1293 879 1369 ignaris
895 1293 988 1351 etiam
1001 1291 1100 1350 servi·
1207 1347 1209 1352 .

97 1390 170 1454 lium
204 1388 375 1448 litterarum
403 1389 473 1448 libri
502 1409 564 1447 non
588 1381 761 1447 studiorum
797 1389 1001 1447 instrumenta
1037 1367 1099 1446 'sed

27 1483 29 1500 .
96 1487 293 1546 cenationum
322 1493 501 1546 ornamenta
537 1493 621 1548 sunt.
651 1485 779 1545 Paretur
811 1487 915 1570 itaque
946 1484 1099 1544 librorum

27 1585 29 1606 ³
97 1593 247 1663 quantum
258 1583 332 1642 satis
343 1582 392 1656 sit,
406 1582 481 1641 nihil
495 1583 527 1640 in
538 1589 731 1661 apparatum.
744 1582 898 1640 Vitiosum
909 1589 956 1640 est
967 1581 1096 1660 ubique,

96 1680 179 1759 quod
196 1669 325 1738 nimium'
339 1685 396 1738 est.
413 1679 493 1747 Quid
508 1678 601 1738 habes
617 1699 672 1737 cur
683 1678 824 1756 ignoscas
838 1678 954 1736 homini
966 1678 1099 1737 armaria

27 1801 28 1830 2
95 1775 198 1832 ecitro
216 1783 307 1854 atque
321 1774 412 1838 ebore
427 1774 574 1851 captanti,
593 1793 722 1849 corpora
735 1771 929 1850 conquirenti
945 1777 999 1829 aut
1013 1770 1111 1846 igno-1

27 1881 28 1948 ᾖ
97 1871 198 1928 torum
226 1873 387 1925 auctorum
416 1874 469 1925 aut
496 1866 752 1945 improbatorum,
783 1875 813 1924 et
834 1867 914 1925 inter
941 1875 990 1926 tot
1015 1868 1098 1927 milia

27 1983 28 2002 a
98 1961 243 2025 librorum
257 1948 412 2035 oscitanti,
425 1961 475 2022 cui
486 1962 679 2021 voluminum
696 1983 820 2022 suorum
836 1963 953 2029 frontes
967 1964 1098 2024 maxime

100 2058 217 2118 olacent
231 2058 401 2138 titulique?
414 2059 506 2138 Apud
517 2059 775 2118 desidiosissimos
791 2079 864 2136 ergo
877 2059 995 2118 videbis
1008 2060 1099 2140 quid·

86 2153 171 2232 quid
188 2145 363 2214 orationum
381 2155 641 2237 historiarumque
663 2163 720 2228 est,
737 2164 818 2214 tecto
833 2163 923 2215 tenus
941 2164 1098 2217 exstructa

99 2249 310 2311 loculamenta.
326 2251 395 2310 lam
417 2253 498 2311 euim
515 2253 596 2312 inter
612 2253 766 2311 balnearia
784 2261 813 2322 et
832 2253 966 2312 thermas
988 2253 1098 2312 biblio-

99 2345 185 2410 theca
198 2368 321 2430 quoque
336 2355 370 2408 ut
389 2349 595 2408 necessarium
613 2349 723 2408 domus
743 2356 958 2426 ornamentum
979 2350 1098 2430 expoli-

103 2449 162 2504 tur.

200 2663 283 2734 aea.
304 2676 376 2732 Les
394 2675 504 2732 baius
517 2677 561 2731 de
589 2675 733 2732 Sidoine
753 2676 991 2745 Apollinaire.
1026 2759 1027 2764 γ

291 2777 351 2859 (De
370 2777 498 2839 Sidonii
511 2777 710 2859 Apollinaris
725 2778 895 2862 balneolo.)

140 2934 283 3002 Balneum
303 2934 345 2997 'ab
374 2936 478 2996 Africo
506 2937 661 2996 radicibus
687 2959 856 2998 nemorosae
883 2940 977 3018 rupis,
993 2939 1097 2998 adhae-
1122 2946 1165 3010 30

104 3033 298 3096 rescit.'Hinc
317 3055 465 3114 aquarum
488 3035 587 3111 surgit
605 3034 689 3093 cella·
704 3035 877 3106 coctilium,
900 3057 968 3115 quae
991 3056 1097 3095 conse-

104 3130 201 3204 quenti
222 3131 433 3209 unguentariae
454 3130 546 3210 spatii
564 3131 717 3209 parilitate
740 3132 941 3210 conquadrat,
968 3141 1097 3211 excepto

105 3221 166 3282 solii
191 3229 311 3307 capacis
333 3227 541 3307 hemicyclio,
555 3227 608 3286 ubi
685 3229 732 3286 vis
754 3229 844 3287 undae
868 3229 1016 3300 ferventis
1041 3250 1098 3309 per

105 3321 241 3396 parietem
262 3325 482 3385 foraminatum
506 3323 614 3383 flexilis
635 3323 751 3403 plumbi
772 3325 923 3395 meatibus
944 3324 1096 3404 implicita

105 3415 252 3494 singultat.
275 3422 356 3480 Hinc
374 3421 534 3499 frigidaria
555 3420 712 3492 dilatatur,
727 3442 795 3500 quae
812 3423 945 3501 piscinas
964 3422 1097 3501 publicis

102 3503 239 3590 operibus
251 3525 421 3578 exstructas
439 3539 500 3577 non
520 3518 716 3598 impudenter
735 3519 941 3578 aemularetur.
965 3519 1098 3578 Interior

100 3610 245 3686 'parietum
267 3614 359 3676 facies
381 3615 446 3675 solo
471 3615 604 3693 laevigati
625 3615 767 3673 caementi
791 3615 925 3675 candore
949 3623 1096 3675 contenta

107 3712 161 3765 est.
177 3709 239 3768 Non
254 3711 302 3770 hic
322 3732 377 3790 per
400 3711 514 3770 nudam
534 3712 684 3790 pictorum
707 3731 872 3791 corporum
890 3711 1096 3791 pulchritudi-

407 3965 410 3980 Ι
502 3895 673 3946 ·-l85-·
