2670 4252
419 171 736 240 85.1.asportu1e
815 229 818 234 ,

462 318 520 401 (De
541 321 706 404 sportula.)

382 533 472 593 Nunc
493 535 630 613 sportula
652 536 752 616 primo
1040 590 1042 593 .
1113 541 1152 607 2·

79 629 200 688 Limine
222 651 317 709 parva
340 630 435 704 sedet,
459 631 558 691 turbae
642 633 788 713 rapienda
809 642 934 713 togatae.

78 730 150 808 lpse
172 734 278 787 tamen
300 727 409 787 faciem
431 730 516 809 prius
538 730 675 810 inspicit,
699 738 730 790 et
750 731 885 811 trepidat
906 753 944 791 ne

78 826 269 906 Suppositus
290 826 396 885 venias
418 847 453 887 ac
474 827 551 886 salso
573 828 698 886 nomine
720 847 839 908 poscas.

78 923 216 1000 Agnitus
238 924 383 1003 accipies,
403 923 498 983 lubet
519 945 535 982 a
557 944 699 1005 praecone
721 925 825 984 vocari

80 1023 169 1100 Ipsos
192 1021 406 1101 Trojugenas:
431 1041 501 1080 nam
524 1027 638 1080 vexant
658 1021 751 1080 limen
774 1029 805 1080 et
827 1023 885 1103 ipsi

79 1120 263 1179 Nobiscum.
290 1144 304 1172 α
328 1118 374 1177 Da
396 1119 534 1197 praetori,
557 1117 595 1176 da
618 1119 728 1177 deinde
749 1119 894 1179 tribuno!
921 1145 934 1174 r>

114 1217 177 1276 Sed
190 1216 352 1275 libertinus
368 1216 451 1294 prior
463 1222 520 1274 est.
563 1251 602 1262 --
616 1241 630 1270 a
648 1216 746 1288 Prior,
764 1216 875 1297 inquit,
888 1238 946 1294 ego
962 1217 1081 1278 adsum.
1148 1219 1150 1224 ’

78 1315 144 1373 Cur
166 1314 290 1372 timeam
313 1312 490 1371 dubitemve
511 1312 613 1372 locum
635 1313 810 1384 defendere,
835 1315 975 1393 quamvis
995 1341 997 1348 ⁴

79 1411 180 1469 Natus
202 1409 241 1468 ad
264 1409 462 1488 Euphratem,
486 1409 594 1468 molles
615 1409 698 1488 quod
720 1411 846 1470 inaure
866 1411 1010 1493 lenestrae

49 1537 51 1540 v
78 1503 260 1586 Arguerint,
285 1506 357 1565 licet
378 1507 442 1585 ipse
466 1509 597 1584 negem?
619 1507 677 1565 Sed
700 1507 835 1587 quinque
857 1508 993 1566 tabernae

78 1604 312 1681 Quadringenta
334 1611 454 1683 parant.
480 1603 560 1670 Quid
582 1604 701 1662 confert
722 1625 858 1683 purpura
880 1605 979 1684 major

78 1700 273 1781 Optandum,
298 1700 322 1758 si
345 1701 490 1758 Laurenti
512 1699 647 1758 custodit
668 1701 700 1758 in
721 1721 795 1778 agro

78 1798 262 1858 Conductas
285 1797 439 1857 Corvinus
461 1817 544 1870 oves,
569 1817 625 1875 ego
647 1797 790 1877 possideo
812 1797 881 1877 plus

78 1896 220 1955 Pallante
242 1902 273 1954 et
295 1895 432 1954 Licinis?
456 1919 470 1944 u
495 1895 683 1973 Exspectent
704 1915 776 1974 ergo
798 1895 915 1953 tribuni
923 1920 930 1966 ;

76 1995 216 2052 Vincant
237 1991 364 2063 divitiae,
389 2012 474 2051 sacro
497 2012 534 2050 nc
556 1991 645 2055 cedat
666 1991 776 2050 honori

76 2093 187 2172 Nuper
207 2091 239 2147 in
263 2089 342 2148 hanc
364 2089 469 2147 urbem
492 2088 622 2168 pedibus
644 2089 697 2169 qui
719 2095 846 2148 venerat
867 2089 954 2148 albis,

75 2189 134 2247 Sed
166 2207 239 2246 cum
261 2206 399 2245 summus
422 2187 519 2244 honos
542 2185 628 2244 finito
650 2192 810 2266 computet
831 2207 912 2246 anno

73 2283 226 2366 Sportula
247 2281 322 2363 quid
344 2282 466 2354 referat,
490 2290 640 2362 quantum
657 2283 828 2341 rationibus
850 2283 966 2344 addat:

73 2382 158 2450 Quid
179 2381 295 2439 lacient
313 2379 451 2450 comites,
469 2379 581 2460 quibus
601 2379 673 2438 hinc
695 2386 777 2456 toga,
797 2380 917 2439 calceus
934 2381 1007 2439 hinc
1024 2391 1081 2457 est,

73 2481 113 2538 Et
137 2479 232 2560 panis
254 2477 418 2556 fumusque
441 2477 549 2536 domi?
1168 2469 1170 2474 ’

245 2750 303 2809 86.
324 2749 477 2807 Theorie
497 2752 541 2807 de
561 2751 650 2808 l’art
669 2753 716 2807 du
736 2722 917 2820 parasite.

305 2899 359 2978 (De
376 2898 549 2981 parasitica
570 2906 636 2960 arte
655 2900 858 2982 praeceptio.)

2 3127 3 3138 ¹
70 3131 107 3189 Di
129 3123 345 3204 immortalesl
368 3097 486 3192 liomini
505 3121 597 3180 homo
616 3120 690 3200 quid
711 3124 855 3200 praestatl
876 3122 970 3181 slnlto
993 3123 1083 3183 intels
1110 3127 1149 3191 2θ

719 3227 721 3232 ’
970 3219 1083 3298 Degen-

67 3323 152 3391 Quid
185 3318 334 3378 interest!
366 3315 433 3374 Hoc
462 3315 537 3375 adeo
568 3335 605 3372 ex
633 3314 690 3373 hac
716 3336 748 3373 re
774 3316 860 3374 venit
887 3316 918 3374 in
947 3326 1082 3377 mentem

981 3415 1080 3493 [mihi.

66 3514 216 3579 Conveni
243 3511 335 3569 hodie
354 3509 518 3568 adveniens
538 3508 701 3588 quemdam
719 3509 778 3567 mei
799 3509 868 3581 loci,
887 3511 967 3584 hinc,
991 3520 1082 3592 atque

2 3682 3 3687 ἵ
940 3607 1080 3687 [ordinm

63 3711 244 3772 Hominem
268 3704 348 3763 haud
372 3704 538 3783 impurum,
562 3703 666 3761 itidem
691 3704 789 3781 patria
811 3703 862 3783 qui
885 3703 1099 3782 abligurrierat

509 3809 511 3813 ’
976 3801 1078 3880 [bona.

508 3923 647 3976 ..59-
