2656 4258
706 221 754 259 Les
775 220 885 272 FEMMES

296 330 370 390 dum
398 329 700 412 dissuadendumque
724 331 813 390 multi
842 332 960 391 nobiles
973 331 1149 412 prodibant.
1170 332 1286 411 Capito-

297 427 373 486 lium
399 428 489 487 turba
513 429 672 488 hominum
715 428 886 490 faventium
916 428 1208 510 adversantiumque
1234 427 1284 506 legi

215 515 237 537 ‘N
296 525 518 605 complebatur.
534 525 685 586 Matronae
703 525 786 584 nulla
800 546 856 585 nec
868 527 1051 585 auctoritate
1066 546 1123 585 nec
1146 546 1287 586 verecun-

296 619 346 680 dia
383 643 439 680 nec
480 622 608 702 imperio
637 623 775 682 virorum
803 623 955 682 contineri
992 622 1097 682 limine
1130 629 1284 702 poterant:

295 738 403 777 omnes
418 720 484 778 vius
511 719 602 778 Urbis
628 719 791 799 aditusque
817 720 849 778 in
874 719 975 778 lorum
994 719 1185 791 obsidebant,
1212 720 1287 777 viros

297 815 516 876 descendentes
548 816 586 875 ad
617 816 727 876 lorum·
744 824 867 883 orantes
895 825 939 887 ut,
965 817 1094 876 florente
1123 816 1286 896 republica,

296 921 451 971 crescente
461 913 494 971 in
507 913 572 973 dies
586 914 724 972 omnium
733 914 852 993 privata
863 913 999 985 fortuna,
1014 913 1163 973 matronis
1172 932 1289 993 quoque

296 1009 461 1088 pristinum
490 1019 633 1069 ornatum
661 1010 746 1069 reddi
781 1018 969 1090 paterentur.
1000 1011 1070 1070 lam
1096 1017 1128 1069 et
1153 1010 1289 1069 consules

296 1114 504 1186 praetoresque
519 1115 549 1166 el
563 1107 639 1167 alios
651 1107 848 1185 magistratus
865 1107 949 1167 adire
965 1113 995 1166 et
1005 1128 1112 1192 rogare
1127 1106 1288 1165 audebant.

281 1320 379 1387 ¹155.
398 1322 455 1377 Un
474 1318 651 1378 se'nateur
666 1323 794 1378 contre
811 1322 867 1378 les
892 1322 1082 1379 matrones
1105 1319 1292 1377 ameute'es

329 1420 422 1475 pour
440 1408 586 1464 obtenti·
604 1407 808 1493 l'aboli'tion
826 1409 892 1465 des
905 1408 976 1466 lois
998 1407 1258 1476 sumptualres.

283 1510 441 1593 ¹(Seruttor
460 1512 498 1572 dc
514 1512 665 1572 metronia
679 1533 750 1596 quae
771 1511 955 1573 seditionem
969 1519 1133 1574 ›nouerant-
1144 1518 1178 1572 ut
1191 1531 1301 1591 sumpt

552 1609 661 1669 lueriae
694 1609 777 1692 lepes
812 1607 1037 1690 abolerentur.)
1300 1619 1301 1624 ’

230 1766 284 1823 Rh.
336 1794 349 1823 u
365 1769 439 1827 siin
454 1790 509 1827 sua
524 1769 655 1849 quisque
670 1775 810 1826 nostrum
824 1776 919 1826 matre
935 1768 1068 1839 lamiliae,
1087 1767 1236 1840 Quirites,
1244 1767 1301 1850 jusi

280 1866 326 1924 'et
338 1866 527 1946 majestatem
543 1865 602 1923 viri
616 1865 747 1923 retinere
763 1864 957 1936 instituisset,
972 1864 1074 1924 minus
1086 1884 1158 1924 cum
1174 1851 1301 1922 univerl

294 1963 335 2022 sis
350 1962 472 2022 feminis
486 1961 600 2040 negotii
621 1961 814 2020 haberemus.
837 1961 927 2019 Nunc
954 1961 1038 2019 domi
1064 1959 1146 2020 victa
1170 1960 1299 2019 libertas

294 2067 398 2119 nostra
415 2059 598 2140 impotentia
621 2058 773 2128 muliebri,
799 2058 847 2115 hic
867 2078 990 2137 quoque
1006 2057 1037 2115 in
1055 2057 1123 2116 loro
1143 2057 1300 2117 obteritur

294 2164 323 2215 et
350 2157 506 2217 calcatur:
535 2163 575 2224 et,
603 2155 675 2233 quia
699 2154 835 2232 singulus
856 2154 1007 2212 sustinere
1035 2174 1098 2212 non
1123 2154 1299 2235 potuimus,

295 2254 453 2313 universas
468 2253 639 2311 horremus
667 2250 801 2330 Majores
821 2249 918 2309 nostri
934 2249 1049 2309 nullam
1077 2271 1115 2308 ne
1141 2251 1300 2328 privatam

294 2350 418 2430 quidem
442 2370 505 2407 rem
540 2368 629 2426 agere
662 2347 792 2406 seminas
816 2349 881 2407 sine
903 2355 1029 2406 auctore
1048 2345 1244 2408 voluerunt:
1270 2348 1300 2404 in

294 2468 387 2506 manu
404 2467 469 2504 esse
482 2453 655 2525 parentum,
670 2445 811 2516 fratrum,
824 2445 975 2504 virorum.
986 2444 1057 2511 Nos,
1069 2444 1093 2500 si
1109 2442 1169 2500 diis
1181 2444 1300 2523 placet,

291 2544 354 2624 jam
379 2542 599 2622 rempublicam
628 2543 886 2619 etiamcapessere
913 2561 963 2599 eas
987 2541 1132 2620 patimur,
1166 2547 1199 2598 et
1231 2541 1300 2602 loru

293 2661 400 2721 prope,
412 2649 443 2699 ct
455 2638 662 2708 contionibus
678 2645 708 2696 et
733 2637 866 2696 comitiis
891 2637 1066 2696 immisceri.
1084 2635 1164 2696 Date
1191 2637 1300 2698 frenos

293 2738 456 2817 impotenti
473 2744 591 2795 naturae
623 2743 654 2796 et
679 2734 831 2793 indomito
857 2733 993 2807 animali,
1015 2741 1046 2792 et
1073 2741 1195 2812 sperate
1217 2735 1300 2814 ipsae

293 2835 419 2893 modum
437 2833 569 2891 licentiae
584 2833 730 2897 facturas,
746 2831 804 2889 nisi
822 2851 878 2889 vos
894 2830 1038 2890 feceritis,
1056 2829 1226 2889 Minimum
1242 2833 1300 2914 l¹⁰l

214 2931 217 2938 ’
293 2952 399 2990 eorum
412 2939 469 3002 est,
486 2950 554 3010 quae
572 2930 680 3008 iniquo
695 2927 798 2986 animo
811 2927 939 2986 luminae
950 2926 1008 2984 sibi
1020 2933 1074 2984 aut
1089 2927 1234 2986 moribus
1250 2915 1300 3004 aul

283 3027 410 3106 ¹legibus
440 3027 580 3106 injuncta
607 3025 795 3104 patiuntur:
825 3024 962 3082 omnium
987 3043 1089 3082 rerum
1119 3005 1300 3085 libertatel

293 3126 387 3184 immo
402 3123 558 3182 licentiam
571 3121 604 3200 (si
620 3143 691 3180 vera
707 3120 810 3179 dicere
827 3120 983 3199 volumus)
1003 3119 1193 3180 desiderant.
1217 3121 1290 3190 Qui

293 3222 385 3293 enim,
409 3221 434 3278 si
463 3219 521 3277 hoc
545 3218 800 3297 expugnaverint,
820 3237 881 3275 non
912 3215 1097 3275 tentabunt?
1123 3216 1295 3280 Recenset

293 3317 396 3376 omnia
417 3315 579 3375 muliebria
598 3315 679 3394 jura,
700 3313 812 3395 quibus
835 3313 990 3371 licentiam
1020 3332 1123 3371 earum
1149 3312 1299 3393 alligare

293 3414 355 3471 rint
368 3411 500 3491 majores
517 3412 624 3484 nostri,
642 3431 697 3489 per
709 3430 839 3488 quaeque
855 3409 1042 3488 subjecerint
1061 3409 1136 3466 viris
1153 3428 1159 3469 :
1179 3414 1297 3489 quibu

292 3509 436 3568 omnibus
451 3507 634 3566 constrictas
649 3508 701 3564 vix
722 3516 822 3565 tamen
847 3506 1006 3565 continere
1032 3506 1173 3584 potestis
1197 3507 1299 3575 Quid

293 3607 318 3664 si
335 3603 590 3684 carperesingula
607 3612 842 3682 et-extorquere,
860 3602 1110 3682 etexeoquarirad
1121 3611 1299 3666 extremm

236 3713 238 3720 ’
292 3703 367 3760 viris
380 3701 548 3782 piatiemini,
567 3700 741 3758 tolerabiles
756 3699 843 3757 vobis
857 3720 907 3758 eas
923 3701 987 3758 lore
1005 3699 1149 3758 creditis‘.>
1168 3699 1299 3764 Extem

293 3798 354 3878 plo,
368 3798 458 3856 simul
469 3818 557 3876 pares
573 3818 638 3855 csse
653 3796 816 3874 coeperint,
831 3796 1004 3876 superiores
1021 3783 1123 3854 erunt.
1143 3820 1156 3849 u

713 3946 870 3998 -108-
