2682 4258
535 217 661 255 honnus.
684 233 722 242 -
744 218 929 256 rltltosot’hln

526 595 611 653 491.
631 597 723 652 ‘rout
743 596 897 666 change.

575 735 710 816 (Cuncta
732 736 858 816 fluunt.)

152 1055 195 1122 2⁸
227 1134 233 1149 .
266 1087 405 1150 ...Nihil
427 1096 474 1146 est
495 1094 561 1147 toto
583 1089 665 1168 quod
690 1095 805 1169 perstet
827 1088 859 1147 iu
880 1089 978 1164 orbc;

222 1185 339 1243 Cuncta
364 1185 476 1256 lluunt,
501 1187 661 1265 omnisque
684 1207 798 1265 vagans
820 1187 969 1245 formatur
990 1186 1100 1264 image.

223 1282 291 1360 lpsa
314 1302 437 1361 quoque
459 1283 582 1342 assiduo
605 1284 751 1342 labuntur
774 1292 912 1363 tempora
934 1290 1031 1354 motu,

222 1378 293 1435 Non
315 1399 403 1436 secus
426 1399 461 1437 ac
482 1380 616 1454 llumen;
641 1402 740 1460 neque
762 1380 843 1439 enim
866 1380 1033 1438 consistere
1055 1381 1182 1450 llumen,

224 1475 288 1532 Neo
309 1475 386 1533 levis
409 1476 482 1534 hora
506 1485 607 1555 potest
630 1497 637 1537 ε
662 1477 714 1536 sed
738 1486 772 1538 ut
794 1477 875 1536 unda
898 1477 1067 1556 impellitur
1089 1477 1183 1545 unda,

226 1571 421 1652 Urgeturque
443 1574 526 1652 prior
548 1574 701 1645 veniente,
727 1583 874 1653 urgetque
897 1574 1042 1653 priorem,

221 1669 375 1747 Tempora
396 1669 440 1728 sic
461 1671 586 1747 lugiunt
607 1671 731 1749 pariter,
755 1671 931 1750 pariterque
954 1677 1136 1749 sequuntur,

225 1765 264 1823 Et
286 1786 365 1824 nova
387 1773 461 1824 sunt
477 1787 605 1846 semper.
624 1768 701 1825 Nam
724 1769 805 1847 quod
827 1768 886 1826 luit
909 1775 990 1836 ante,
1008 1767 1150 1825 relictum
1166 1775 1227 1840 est,

226 1861 337 1941 Fitque
359 1863 443 1942 quod
466 1861 546 1921 haud
570 1863 680 1937 luerat,
696 1871 912 1944 momentaque
927 1871 1038 1922 cuncta
1056 1871 1227 1924 novantur.

225 1958 335 2018 Cernis
357 1967 388 2019 et
410 1981 542 2018 emersas
563 1961 593 2018 in
617 1961 716 2020 lucem
740 1960 865 2019 tendere
887 1968 1004 2032 noctes,

226 2057 267 2120 Et
285 2057 377 2136 jubar
398 2056 457 2115 hoo
480 2057 610 2115 nitidum
634 2058 738 2136 nigrae
760 2058 924 2116 succedere
947 2057 1053 2116 nocti.·

227 2153 292 2212 Nec
313 2153 399 2212 color
419 2161 465 2211 est
486 2153 568 2212 idem
589 2154 676 2224 caeli,
700 2175 769 2213 cum
792 2154 869 2212 lassa
893 2155 995 2233 quiete

227 2248 349 2308 Cuncta
367 2249 472 2329 jacent
494 2251 603 2321 media,
629 2271 759 2330 cumque
783 2251 851 2309 albo
874 2251 997 2309 Lucifer
1018 2247 1081 2308 exit

141 2399 143 2404 .
228 2343 338 2405 Clarus
360 2367 454 2426 equo;
477 2368 661 2425 rursumque
683 2346 771 2418 alius,
795 2368 864 2405 cum
887 2346 1011 2426 praevia
1033 2346 1109 2406 lucis

228 2442 426 2502 Tradendum
449 2443 574 2502 Phoebo
598 2443 763 2503 Pallantias
785 2444 881 2502 inficit
903 2444 1020 2504 orbem.
1056 2515 1059 2520 1

231 2541 343 2599 Nostra
366 2561 489 2620 quoque
512 2541 648 2620 ipsorum
671 2561 791 2620 semper
813 2540 978 2620 requieque
1001 2541 1065 2598 sine
1088 2539 1151 2600 ulla

229 2636 367 2716 Corpora
389 2644 563 2707 vertuntur,
588 2658 643 2695 nec
666 2638 748 2716 quod
772 2637 924 2695 fuimusve
946 2657 1091 2695 sumusve

230 2733 305 2793 Cras
327 2733 451 2793 erimus,
477 2733 550 2792 Fuit
571 2734 621 2792 illa
643 2733 708 2792 dies
729 2755 789 2814 qua
812 2735 926 2792 semina
950 2742 1081 2806 tanturn,

230 2833 367 2912 Spesque
390 2831 551 2889 hominum
573 2831 699 2909 primae,
724 2838 862 2912 nraterna
885 2830 1091 2889 habitavimus
1114 2830 1196 2890 alvo.

231 2929 342 2987 Editus
363 2928 394 2986 in
417 2928 516 2987 lucem
535 2927 635 3007 jacuit
657 2927 721 2985 sine
736 2927 854 2985 viribus
877 2926 996 2999 inlans;

230 3026 306 3090 lude
327 3025 432 3083 valens
454 3024 605 3103 veloxque
628 3024 696 3096 fuit,
720 3025 914 3103 spatiumque
933 3023 1080 3103 juventae

227 3122 363 3191 Transit,
387 3129 418 3179 et
439 3121 574 3179 emeritis
596 3120 688 3179 medii
710 3141 833 3200 quoque
855 3121 1002 3199 temporis
1023 3120 1122 3192 aunis,

229 3217 359 3276 Labitur
380 3218 526 3276 occiduae
548 3239 602 3296 per
623 3217 682 3276 iter
703 3217 821 3275 declive
843 3225 993 3276 senectae.

228 3314 366 3393 Tempus
388 3314 465 3373 edax
486 3335 600 3385 rerum,
625 3323 733 3394 tuque,
758 3312 909 3372 invidiosa
932 3320 1082 3386 vetustas,

229 3409 343 3468 Omnia
365 3409 540 3483 destruitis;
564 3411 735 3490 vitiataque
757 3410 900 3467 dentibus
921 3409 989 3468 aevi

231 3505 390 3566 Paulatim.
408 3507 490 3566 lenta
513 3507 694 3566 consumitis
717 3507 820 3565 omnia
841 3515 951 3569 morte.
