2678 4250
451 177 462 192 =
494 167 529 204 33
550 167 597 204 vm
618 149 718 204 333333
740 167 791 202 333
813 165 939 203 33333333

215 249 357 330 traditur}
390 266 435 334 ut,
449 260 572 331 cumei,
593 267 743 318 summam
759 259 789 318 in
809 258 921 336 scholis
941 258 1117 339 opinionem
1133 257 1215 318 obti-

215 351 312 430 33333,
341 344 432 416 causa
459 357 490 416 in
510 357 577 416 loro
599 364 679 415 esset
702 356 828 430 oranda,
861 355 997 435 impense
1020 355 1145 434 petierit
1169 355 1215 416 uti

143 499 162 538 'f
214 453 359 514 subsellia
384 453 420 512 in·
440 453 598 512 basilicam
624 453 873 512 transferrentur.
894 453 994 520 Quare
1003 453 1140 532 juvenis
1162 451 1215 533 qui

209 550 363 616 ,rationem
374 551 549 610 inveniendi
562 550 788 630 eloquendique
803 571 820 608 a
833 549 1073 630 praeceptoribus
1087 549 1216 626 diligen·-

214 653 262 704 ter
284 647 455 727 acceperit·
470 655 621 707 oratorem
642 647 700 706 sibi
717 647 849 727 aliquem
871 646 962 726 (quod
986 646 1067 726 apud
1083 645 1216 725 majores

207 741 279 851 ,13333
292 744 433 824 solebat),
446 744 569 821 deligat,
584 764 692 824 quem
687 750 796 824 sequat
798 765 844 817 ur,
858 764 949 824 quem
962 743 1062 802 imitet
1064 761 1117 816 ur;
1131 741 1217 822 judi-

214 840 270 898 3333
287 841 409 899 mtersrt
422 861 513 921 quam
533 841 685 920 plurimis,
703 849 734 900 et
750 841 791 900 333
806 840 992 912 certaminis
1010 840 1058 898 333
1083 838 1218 898 (1333333-

207 943 276 1007 333,
303 938 448 1016 frequens
473 945 638 1016 spectator.
665 939 742 996 Tum
767 941 874 997 causas
906 937 953 996 vel
976 935 1109 1008 easdem,
1140 955 1219 1014 quas

113 1077 116 1080 -
208 1049 267 1112 agr
280 1033 422 1104 audrerrt
440 1035 510 1092 3313
526 1042 558 1093 33
575 1055 639 1114 ipse
654 1042 830 1114 compona
808 1034 1006 1093 tveletiam
1025 1033 1111 1103 alias,
1128 1028 1218 1090 ieras

208 1130 307 1195 modo
329 1138 360 1189 et
378 1131 532 1211 utrimque
554 1138 675 1202 tractet,
697 1139 737 1203 33,
763 1130 845 1211 quod
862 1131 892 1190 in
910 1128 1132 1208 gladiatoribus
1148 1128 1214 1186 lieri

210 1226 365 1299 ,,ν33133333
382 1227 560 1286 decretoriis
571 1234 758 1288 exerceatur.

212 1376 298 1433 866.
324 1355 505 1434 comment
528 1377 585 1434 les
605 1376 737 1445 Jeunes
763 1377 938 1434 Romains
958 1390 998 1434 33
1018 1376 1219 1434 3333333333

211 1473 215 1494 .
584 1459 659 1504 aux
679 1447 843 1504 affaires

211 1541 386 1620 (Quomodo
414 1542 519 1602 Romae
546 1542 757 1604 adulescentes
781 1542 1018 1602 instituerentur
1043 1541 1084 1602 ad
1111 1563 1218 1622 cape-5-

504 1638 634 1698 sendam
656 1660 720 1698 rem
737 1639 927 1720 publicam.)

148 1757 218 1815 1113.1
259 1762 441 1821 Nostrorum
465 1769 637 1842 temporum
658 1763 802 1836 servitus,
825 1771 858 1822 ut
882 1763 1008 1822 aliarum
1031 1764 1220 1842 optimarum

213 1856 342 1932 '‘artium,
359 1860 402 1918 sic
421 1861 513 1918 etiam
532 1860 611 1938 juris
635 1845 780 1918 senatorii
801 1860 987 1930 oblivionem
1007 1859 1174 1940 quamdam
1189 1867 1223 1918 33

123 1949 124 1956 ¹
214 1955 422 2033 ignorantiam
444 1956 577 2015 induxit.
601 1957 720 2023 Quotus
745 1957 825 2015 enim
851 1957 981 2036 quisque
1010 1961 1069 2015 3333
1094 1956 1218 2035 patiens

215 2060 251 2111 'ut
284 2045 358 2111 velit
392 2050 520 2112 (1333333
546 2053 628 2132 quod
656 2053 689 2111 in
718 2074 775 2112 usu
792 2075 854 2112 non
870 2054 909 2112 sit
930 2051 1221 2112 habitur.us?Add-e

217 2147 314 2228 'quod‘
333 2149 454 2207 difficile
477 2156 524 2207 est
548 2157 651 2208 tenere
680 2171 748 2230 quae
776 2149 940 2228 acceperis,
974 2149 1033 2208 uisi
1064 2135 1221 2210 exerceas.¹

217 2247 323 2324 ltaque
342 2245 468 2304 reducta
488 2245 613 2304 libertas
635 2246 725 2305 rudes
750 2267 806 2305 nos
823 2255 854 2305 et
870 2246 1029 2325 imperitos
1047 2244 1223 2323 deprehen-

216 2342 277 2413 dit;
293 2342 382 2420 cujus
395 2341 558 2401 dulcedine
580 2344 699 2401 accensi
718 2342 858 2421 cogimur
875 2335 1016 2422 quedam
1030 2342 1132 2400 facere
1149 2327 1224 2401 3333

217 2459 309 2518 quam
323 2459 421 2498 nosse.
440 2439 514 2497 Erat
525 2447 627 2497 autem
645 2441 817 2518 antiquitus
830 2437 1019 2512 institutum,
1041 2445 1073 2496 ut
1088 2459 1105 2497 a
1120 2438 1221 2516 majo-

218 2536 303 2593 ribus
324 2542 409 2608 natu,
433 2555 494 2593 non
516 2536 640 2594 auribus
662 2536 765 2610 modo,
791 2557 898 2596 verum
922 2535 1014 2594 etiam
1034 2534 1132 2594 oculis
1154 2533 1222 2592 dis-

218 2642 355 2692 ceremus
393 2654 461 2713 quae
483 2632 632 2704 iacienda,
659 2654 730 2692 mox
750 2633 808 2712 ipsi
833 2653 868 2692 33
887 2653 941 2712 per
963 2632 1045 2692 vices
1069 2623 1222 2710 quasdam

218 2729 365 2810 tradenda
386 2729 555 2788 minoribus
573 2729 767 2788 haberemus,
787 2728 863 2787 Inde
876 2728 1097 2787 adulescentuli
1115 2727 1226 2790 statim

217 2827 424 2885 castrensibus
437 2825 597 2905 stipendiis
610 2826 837 2902 imbuebantur,
855 2834 889 2884 ut
904 2826 1053 2904 imperare
1068 2814 1222 2908 parend0‚

217 2925 312 2983 duces
325 2944 424 3001 agere,
439 2923 512 2980 dum
535 2929 715 3001 sequuntur,
740 2929 972 2982 assuescerent:
988 2921 1059 2981 inde
1083 2921 1221 2980 honores

219 3021 345 3100 petituri
361 3020 544 3079 assistebant
560 3020 653 3078 curiae
672 3019 801 3091 foribus,
819 3027 850 3078 et
864 3019 985 3078 consilii
1002 3017 1116 3098 publici
1131 3037 1224 3098 spec-

166 3170 167 3173 ,
220 3125 428 3177 tatoresante
452 3137 544 3197 quam
565 3121 722 3175 consortes
747 3123 844 3174 erant.
873 3117 953 3175 Suus
977 3115 1088 3194 cuique
1111 3135 1232 3194 parens·

220 3235 276 3297 pro
296 3215 453 3292 magistro,
468 3221 522 3272 aut
540 3213 590 3271 cui
611 3234 721 3292 parens
740 3234 802 3271 non
823 3220 898 3283 erat,
920 3213 1070 3272 maximus
1091 3211 1228 3292 quisque

219 3317 253 3370 et
271 3311 497 3370 vetustissimus
518 3330 572 3390 pro
593 3317 729 3389 parente.
751 3310 826 3376 Quae
843 3316 980 3388 potestas
1003 3308 1230 3384 referentibus,-

221 3393 304 3486 quod
319 3407 514 3467 censentibus
528 3408 592 3487 juS,
611 3427 679 3486 quae
703 3406 749 3465 vis
770 3406 1010 3484 magistratibus
1023 3425 1092 3485 quae
1112 3407 1230 3467 ceteris

221 3504 356 3576 13333333,
384 3505 436 3563 ubi
465 3503 647 3570 cedendum.
675 3503 728 3562 ubi
757 3502 972 3573 resistendum,
1000 3501 1084 3583 quod
1107 3502 1224 3564 silendi

222 3606 355 3679 tempus,
380 3602 448 3680 quis
465 3599 588 3660 dicendi
605 3599 726 3672 modus,
750 3621 819 3679 quae
836 3600 994 3659 distinctio
1015 3601 1228 3679 pugnantium

223 3683 454 3770 sententiarum,
468 3718 536 3777 quae
553 3697 708 3756 exsecutio
725 3697 879 3776 prioribus
892 3695 1007 3776 aliquid
1023 3695 1229 3772 addentium;

223 3795 345 3850 dmnem
374 3791 504 3872 denique
531 3793 718 3852 senatorium
732 3813 847 3861 morem
859 3793 1229 3872 exemplis‘docebantur.

644 3912 678 3938 '-
697 3899 747 3951 258
767 3906 800 3938 -''
