2678 4250
164 181 248 238 302.
268 178 430 236 Rivalite
450 181 494 236 de
514 143 717 251 Protogene
737 183 774 238 et
793 183 965 251 d’Apelle.

96 276 97 282 ἵ
155 291 252 372 (Inter
272 313 304 353 se
324 293 514 376 Protogenes
535 293 973 377 Apellesqueaemutantur.)

114 458 296 537 Protogenes
318 459 421 519 Rhodi
444 459 587 521 vivebat:
613 481 767 540 quocum
791 461 915 540 Apelles
936 461 1063 520 adnavi·
1087 450 1128 515 3θ

80 563 180 630 gasset,
203 556 312 616 avidus
334 557 540 636 cognoscendi
564 577 657 638 opera
676 558 743 638 ejus
765 557 846 616 lama
866 565 984 618 tantum
1006 557 1064 616 sibi
1176 589 1189 603 ·

79 651 195 729 cogniti,
208 653 355 711 continuo
366 652 518 712 officinam
532 654 631 734 petiit.
646 654 762 713 Aberat
775 654 852 734 ipse,
864 655 917 738 sed
928 654 1074 713 tabulam·

79 747 177 827 amplae
202 748 422 828 magnitudinis
452 749 484 808 in
504 751 645 810 machina
671 758 806 831 aptatam
835 751 963 831 picturae
987 771 1064 809 anus

81 861 132 904 una
150 846 353 906 custodiebat.
383 846 458 905 Haec
482 847 685 926 Protogenem
711 848 785 907 loris
806 868 872 906 esse
893 845 1062 927 respondit,

29 993 32 1002 .
81 937 328 1022 interrogavitque
343 962 359 1002 a
373 962 434 1023 quo
444 943 608 1021 quaesitum
619 943 735 1002 diceret
751 963 758 1005 ε
775 968 788 999 c
805 943 924 1016 abhoc,
939 943 1066 1022 »inquit

80 1037 206 1116 Apellea
240 1047 423 1120 arreptoque
453 1041 598 1120 penicillo
630 1041 742 1102 lineam
781 1063 819 1100 ex
848 1041 952 1100 colore
977 1039 1066 1098 duxit

80 1152 194 1196 summae
215 1137 375 1196 tenuitatis
395 1157 449 1217 per
476 1137 624 1197 tabulam.
647 1137 784 1197 Reverso
808 1139 973 1216 Protogeni
996 1157 1065 1216 quae

79 1221 154 1305 gesta
184 1239 272 1292 erant
314 1253 390 1293 anus
421 1233 581 1294 indicavit.
610 1235 726 1294 Ferunt
748 1230 902 1294 artificem¹
924 1234 1066 1315 protinus

78 1329 308 1410 contemplatum
328 1329 541 1403 subtilitatem,
558 1330 671 1390 dixisse
689 1331 830 1412 Apellem
842 1331 961 1390 venisse
979 1349 985 1390 :
1003 1350 1065 1389 non

77 1424 150 1484 enim
169 1426 277 1485 cadere
291 1427 322 1485 in
336 1426 430 1486 alium
445 1434 508 1486 tam
525 1426 700 1487 absolutum
720 1447 813 1509 opus;
829 1429 990 1508 ipsumque
1004 1427 1065 1486 alio

77 1520 171 1580 colore
181 1523 352 1582 tenuiorem
363 1523 474 1582 lineam
487 1523 517 1582 in
530 1523 582 1584 illa
594 1524 659 1604 ipsa
672 1524 810 1599 duxisse;
823 1525 1066 1604 praecepisseque

78 1615 242 1693 abeuntem,
265 1619 290 1678 si
315 1619 444 1679 redisset
461 1620 523 1694 ille,
545 1621 732 1694 ostenderet,
753 1622 962 1702 adjiceretque
984 1621 1066 1679 hunc

78 1731 134 1772 esse
157 1735 247 1795 quem
267 1723 440 1795 quaereret:
464 1723 556 1796 atque
579 1717 622 1777 ita
647 1718 762 1780 evenit.
785 1718 964 1777 Revertitur
985 1716 1066 1775 enim

78 1809 201 1888 Apelles
221 1812 274 1870 sed
293 1813 376 1871 vinci
397 1798 590 1886 erubescens,
607 1813 699 1873 tertio
718 1814 820 1892 colore
842 1813 937 1873 lineas
956 1812 1063 1880 secuit,

78 1907 186 1966 nullum
206 1908 382 1989 relinquens
400 1909 530 1990 amplius
547 1910 712 1970 subtilitati
729 1911 842 1970 locum.
865 1913 908 1970 At
922 1910 1066 1986 Protoge-

77 2021 123 2060 nes
138 2005 254 2064 victum
277 2027 310 2065 se
328 2005 499 2080 confessus,
518 2007 549 2065 in
567 2014 690 2088 portum
716 2007 885 2079 devolavit,
912 2007 1065 2086 hospitem

78 2119 233 2176 quaerens:
268 2103 444 2184 placuitque
470 2103 514 2163 sic
540 2125 607 2164 earn
640 2104 778 2163 tabulam
814 2103 945 2184 posteris
973 2101 1064 2175 tradi,

29 2265 30 2276 ἵ
76 2197 205 2258 omniurn
218 2200 354 2279 quidem,
369 2199 421 2259 sed
438 2200 591 2260 artificum
607 2201 764 2281 praeeipuo
779 2200 937 2262 miraculo

266 2493 349 2552 303.
370 2493 552 2550 Influence
571 2494 616 2550 de
635 2494 675 2550 la
693 2493 868 2563 musique.

300 2621 301 2625 ¹
343 2596 512 2679 (Quantum
529 2596 630 2678 possit
652 2597 795 2679 musica.)

110 2771 268 2832 Assentior
293 2773 424 2846 Platoni,
451 2773 527 2833 nihil
551 2781 613 2832 tam
637 2773 727 2833 facile
751 2774 782 2832 in
798 2774 917 2834 animos
946 2781 1068 2834 teneros
1094 2777 1137 2842 3ρ

77 2871 162 2946 atque
174 2871 280 2929 molles
293 2869 419 2929 influere
433 2891 525 2950 quam
544 2872 645 2929 varios
660 2870 789 2929 canendi
805 2891 897 2929 sonos
914 2889 921 2930 ι
936 2891 1068 2951 quorum

77 2960 131 3021 dici
140 2966 191 3024 vix
206 2974 308 3047 potest
320 2975 434 3046 quanta
448 2967 488 3026 sit
500 2967 547 3026 vis
560 2968 593 3026 in
606 2975 768 3048 utramque
783 2974 913 3046 partem.
928 2969 1068 3046 Namque

77 3065 104 3116 et
124 3061 232 3123 incitat
257 3064 447 3142 languentes,
474 3071 504 3122 et
536 3063 723 3141 languefacit
754 3065 914 3134 excitatos,
945 3071 976 3123 et
1003 3072 1066 3123 tum

79 3158 199 3219 remittit
209 3161 338 3232 animoS,
349 3167 414 3219 tum
423 3161 592 3230 contrahit3
603 3161 825 3240 civitatumque
833 3162 891 3220 hoc
903 3162 1068 3220 multarum

78 3249 104 3308 ln
125 3255 243 3316 Graecia
268 3257 408 3316 interfuit
432 3260 592 3338 antiquum
618 3277 730 3315 vocum
758 3279 879 3317 servare
916 3258 1066 3318 modum:

75 3369 200 3426 quarum
228 3375 328 3412 mores
347 3354 424 3433 lapsi
448 3353 486 3412 ad
510 3353 670 3413 mollitiem
686 3355 800 3434 pariter
821 3362 893 3412 sunt
912 3355 1067 3413 immutati

76 3463 140 3505 cum
155 3451 305 3523 cantibuS,
330 3457 383 3510 aut
395 3451 452 3508 hac
465 3449 627 3515 dulcedine
642 3436 880 3530 corruptelaque
893 3451 1066 3530 depravati,
1171 3469 1177 3500 r

78 3545 243 3624 utquidam
254 3554 376 3626 putant,
392 3554 456 3616 aut,
477 3567 548 3605 cum
565 3549 712 3606 severitas
730 3567 836 3606 eorum
857 3548 897 3606 ob
916 3547 975 3607 alia
994 3547 1069 3608 vitia
1177 3560 1183 3567 '
1217 3562 1221 3569 '

29 3655 30 3696 t
76 3640 240 3714 cecidisset,
262 3651 327 3702 tum
348 3645 409 3703 luit
429 3643 461 3702 in
485 3643 610 3702 auribus
631 3643 803 3723 animisque
827 3645 952 3704 mutatis
976 3646 1069 3704 etiam
1149 3674 1157 3684 ν

29 3741 30 3744 ’
77 3733 142 3796 huic
161 3739 325 3799 mutationi
343 3739 440 3801 locus.
462 3739 667 3807 Quamobrem
688 3739 739 3799 ille
764 3741 888 3821 quidem
907 3741 1071 3821 sapientis·
1117 3734 1119 3738 ¹
1145 3733 1149 3743 ’

491 3926 649 3988 -213-ι,
