2678 4250
201 191 309 247 robsrn.
327 223 367 231 -
383 192 497 248 rubrae.
513 223 552 232 —
568 191 741 255 a'uoeusucs.
757 226 797 234 -
809 211 969 250 ounrauns.
986 201 1024 236 -'
1037 192 1195 248 nutrimus

92 381 96 392 ,
193 305 279 390 Sum,
302 318 411 391 fateor,
435 340 616 400 semperque
638 322 693 394 sui,
718 320 903 392 Callistrate,
927 341 1054 401 pauper,

234 415 293 472 Sed
316 435 378 474 non
399 416 549 476 obscurus
570 438 627 477 nec
648 417 726 478 male
748 426 840 480 notus
862 437 971 498 eques;
1053 429 1055 434 ‘

133 500 136 508 ⁴
195 511 254 570 Sed
276 520 342 571 toto
363 513 448 590 legor
473 513 547 572 orbe
573 514 716 594 frequens
738 523 770 574 et
790 515 905 574 dicitur
932 539 946 570 α
975 514 1034 574 llic
1058 519 1104 573 est
1127 537 1159 590 r,

235 607 386 689 Quodque
408 609 485 667 cinis
507 610 625 690 paucis,
649 611 708 670 hoc
730 611 806 670 mibi
826 611 891 671 vita
912 610 1010 670 dedit.

195 704 238 764 At
257 711 312 763 tua
333 705 472 764 centenis
494 706 680 766 incumbunt
699 714 782 767 tecta
803 707 968 782 columnis,

236 800 275 859 Et
295 800 455 860 libertinas
477 823 547 862 arca
568 803 703 880 flagellat
724 823 814 884 opes3

196 896 371 977 Magnaque
393 898 528 958 Niliacae
551 899 647 959 servit
667 900 724 958 tibi
746 901 833 979 gleba
849 902 974 980 Syenes,

234 979 356 1052 Tondet
377 1002 408 1053 et
429 995 607 1054 innumeros
629 995 746 1056 Gallica
768 997 878 1056 Parma
899 1017 1016 1076 greges.

197 1090 265 1149 Hoc
287 1111 343 1169 ego
365 1098 459 1170 tuque
481 1111 610 1152 sumus:
634 1092 686 1152 sed
709 1092 792 1173 quod
814 1114 893 1165 sum,
916 1113 979 1153 non
1000 1097 1088 1174 potes
1109 1110 1209 1152 esse:

236 1187 283 1246 Tu
304 1187 388 1265 quod
410 1208 453 1262 es,
477 1209 493 1246 e
514 1188 630 1268 populo
652 1189 782 1268 quilibet
803 1210 870 1250 esse
891 1195 1004 1269 potest.

250 1352 333 1410 339.
354 1353 466 1411 Ovide
486 1356 652 1424 regrette
667 1356 712 1412 de
725 1369 772 1413 ne
784 1356 939 1425 pouvotr
952 1356 1086 1412 mettre
1099 1354 1142 1412 la

339 1441 509 1517 decutere
523 1442 623 1501 matu
637 1457 713 1501 aux
725 1443 1055 1514 Metamorphoses.

198 1536 361 1618 (Deplorat
375 1536 504 1598 Ovidius
515 1536 600 1619 quod
609 1538 674 1598 sibi
682 1561 836 1599 summam
850 1560 977 1599 manum
981 1534 1132 1622 poemati,
1145 1537 1212 1598 cui

257 1634 516 1715 Metamorphosis
531 1633 726 1708 inscribitur,
740 1635 899 1717 imponere
915 1657 976 1697 non
991 1632 1140 1715 licuerit.)

134 1765 173 1833 2⁸
200 1766 284 1825 Haec
305 1786 362 1843 ego
384 1765 554 1839 discedens,
578 1767 659 1826 sicut
680 1767 757 1826 bene
779 1768 876 1829 multa
897 1787 1047 1848 meorum,

240 1863 309 1942 Ipse
330 1883 398 1921 mea
419 1864 508 1942 posui
531 1871 667 1923 maestus
689 1864 721 1922 in
743 1863 813 1942 igne
834 1884 928 1923 manu
945 1882 958 1924 ¹:

141 2018 145 2026 ,
199 1958 255 2017 Vel
277 1959 360 2038 quod
382 1979 464 2018 eram
486 1960 602 2032 MusaS,
627 1968 662 2019 ut
683 1960 811 2019 crimina
834 1968 950 2034 nostra,
973 1978 1114 2039 perosus,

238 2057 294 2114 Vel
316 2056 399 2135 quod
415 2052 525 2115 adhuc
543 2064 735 2116 crescens'et
756 2056 832 2115 rude
854 2075 976 2116 carmen
998 2061 1073 2115 erat.

200 2152 283 2219 Quae
305 2153 451 2231 quoniam
474 2173 537 2211 non
559 2159 631 2212 sunt
652 2153 776 2233 penitus
797 2153 929 2226 sublata,
954 2152 1007 2212 sed
1028 2158 1168 2226 exstant,

240 2249 382 2308 Pluribus
404 2249 551 2329 exemplis
573 2250 686 2329 scripta
708 2250 802 2308 fuisse
823 2270 902 2309 reor.

200 2341 290 2400 Nunc
312 2361 421 2420 precor
442 2349 476 2400 ut
497 2341 615 2415 vivant,
640 2350 670 2417 et
693 2363 753 2400 non
777 2345 887 2420 ignava
908 2343 1062 2420 legentem

240 2437 309 2496 Otia
331 2437 496 2510 delectent,
520 2437 767 2517 admoneantque
790 2441 860 2498 mei.

201 2535 270 2593 Non
293 2541 395 2592 tamen
417 2535 466 2593 illa
490 2535 548 2613 legi
570 2542 719 2615 poterunt
740 2536 893 2614 patienter
914 2535 951 2595 ab
973 2534 1047 2609 ullo,

241 2631 364 2689 Nesciat
386 2631 433 2689 his
455 2652 605 2690 summam
628 2634 653 2690 si
675 2633 744 2712 quis
765 2633 871 2690 abesse
892 2652 1029 2693 manum.
1068 2695 1070 2699 ,

196 2719 349 2789 ἈὴΙαὶυηι
372 2728 481 2788 mediis
502 2749 579 2808 opus
601 2735 648 2788 est
669 2729 832 2788 incudibus
854 2729 941 2800 illud,

241 2825 350 2884 Defuit
372 2833 402 2882 et
423 2825 545 2905 scriptis
567 2825 673 2884 ultima
695 2826 769 2884 lima
790 2827 876 2885 meis,

202 2922 241 2981 Et
262 2921 381 2981 veniam
405 2942 460 3001 pro
482 2921 573 2980 laude
594 2929 667 3002 peto
692 2941 698 2982 :
722 2923 865 2981 laudatus
886 2922 1019 2994 abunde,

242 3019 310 3078 Non
334 3017 489 3077 fastiditus
511 3019 536 3076 si
557 3018 624 3091 tibi,
648 3019 755 3091 lector,
779 3040 843 3082 ero.

202 3116 267 3175 Hos
289 3135 412 3194 quoque
434 3135 487 3174 sex
509 3136 626 3191 versuS,
649 3116 681 3174 in
704 3116 801 3195 prima
823 3116 925 3174 fronte
946 3113 1041 3173 libelli

241 3213 273 3270 Si
294 3210 528 3292 praeponendos
550 3233 615 3273 esse
637 3213 772 3292 putabiS,
797 3213 874 3271 habe
898 3230 905 3272 :
1085 3239 1091 3294 ς

203 3333 216 3363 α
241 3308 322 3368 Orba
345 3315 472 3388 parente
493 3329 549 3368 suo
571 3309 759 3390 quicumque
774 3309 931 3368 volumina
952 3307 1064 3386 tangis,

243 3406 299 3463 His
320 3405 427 3465 saltem
449 3411 550 3464 vestra
574 3406 664 3465 detur
684 3407 715 3464 in
738 3407 821 3464 Urbe
842 3406 939 3466 locus,

203 3501 331 3580 Quoque
354 3503 450 3580 magis
472 3502 586 3575 faveas,
611 3523 672 3560 non
695 3504 769 3562 baec
791 3510 863 3562 sunt
885 3502 966 3562 edita
989 3503 1027 3561 ab
1048 3501 1113 3574 illo,

242 3598 303 3656 Sed
325 3599 412 3678 quasi
433 3599 471 3658 de
493 3598 609 3658 domini
631 3589 739 3658 funere
761 3609 847 3678 rapta
870 3600 929 3660 sui.

203 3693 360 3773 Quidquid
381 3696 413 3753 in
434 3695 481 3754 bis
502 3695 597 3774 igitur
618 3697 686 3756 vitii
708 3698 784 3755 rude
806 3717 928 3755 carmen
951 3695 1101 3764 habebit,

247 3789 484 3865 Emendaturus,
507 3793 533 3849 si
554 3793 701 3865 licuisset,
726 3815 818 3852 eram.
842 3819 856 3849 r>

629 3927 734 3979 —238
757 3955 787 3965 -
