2682 4258
267 169 350 226 424.
370 169 424 226 La
443 171 555 226 Terre
576 167 653 225 doit
671 165 773 238 perir
791 179 841 222 un
855 166 952 236 jour.

234 317 239 328 ,
299 297 301 302 -
378 254 477 336 (Olim
500 255 566 336 ipsa
590 262 673 315 terra
688 252 834 338 peribit.)
867 311 902 326 „

120 439 122 444 .
149 387 341 468 Quandoque
361 387 418 446 erit
443 387 592 446 terminus
618 365 709 447 reh'us
731 384 884 453 humanis,
910 404 980 443 curn
1008 389 1110 464 partes
1123 375 1178 433 Rh-

107 483 176 565 ejus
205 484 332 543 interire
359 483 521 544 debuerint
536 483 718 563 ,abolerique
741 482 883 541 funditus
907 487 992 552 totae',
1021 487 1055 538 ut
1074 478 1112 538 de

7 571 10 598 ²
108 582 230 658 integro
247 587 319 640 totae
342 581 545 660 innoxiasque
568 588 763 658 generentur.
784 578 914 658 Incipiet
937 597 1010 655 ergo
1031 583 1113 636 terra

7 747 8 758 ἢ
108 685 296 756 putrescere,
314 677 426 736 dehinc
443 678 543 738 laxata
558 677 603 737 ire
626 678 658 740 iu
676 696 827 744 umorem,
848 682 879 734 et
901 673 1024 734 assidua
1041 671 1114 732 tabe·

7 771 8 838 3
106 774 259 834 defluere..
281 773 367 833 Tunc
387 773 529 833 exsilient
548 773 605 832 sub
628 773 785 836 montibus
803 771 940 843 flumina,
968 769 1113 849 ipsosque

7 861 8 878 ³
108 871 228 950 impetu
243 871 399 950 quatient.
417 870 522 930 Solum
535 891 627 930 omne
642 891 736 950 aquas
749 869 866 942 reddet,
886 867 999 926 summi
1013 872 1114 925 scatu-

107 968 188 1026 rieut
208 974 356 1040 montes3
383 974 417 1027 ut
432 988 562 1048 quaeque
586 968 726 1049 proxima
743 967 832 1025 terris
855 962 1022 1024 fluentibus
1047 962 1114 1028 fue-

108 1064 180 1135 rint,
200 1063 354 1137 eluentur,
371 1065 543 1138 stillabunt,
561 1071 590 1124 et
604 1065 716 1123 deinde
730 1070 865 1136 current,
881 1069 912 1120 et
927 1061 1030 1122 hiante
1045 1059 1115 1141 plu·

111 1160 196 1219 ribus
208 1160 285 1219 locis
297 1181 383 1234 saxo,
398 1183 454 1241 par
469 1162 583 1222 fretum
599 1161 685 1226 saliet
715 1167 747 1225 et
767 1161 863 1224 maria
882 1159 964 1218 iuter
983 1178 1015 1220 se
1031 1177 1114 1216 com·

111 1264 216 1336 pcnet.
232 1256 351 1316 Peribit
366 1278 456 1317 omne
476 1257 652 1342 discrimen.
676 1255 893 1316 Confundetur
911 1253 1063 1335 quidquid
1081 1253 1113 1313 in

107 1374 179 1413 suas
199 1359 302 1432 partes
328 1362 437 1413 natura
462 1354 603 1436 digessit.
632 1354 702 1416 Non
723 1354 803 1413 muri
831 1343 1114 1432 quemquam,'non

108 1458 211 1514 turres
223 1451 406 1514 tuebuntur.
426 1453 496 1512 Non
511 1452 682 1532 proderunt
704 1451 826 1530 templa·
840 1447 1041 1529 supplicibus,
1058 1467 1114 1506 nec

108 1548 236 1606 urbium¹
248 1565 391 1608 summa:
414 1549 529 1627 quippe
552 1547 703 1627 fugientes
728 1546 811 1606 unda
828 1545 1007 1626 praeveniet,
1030 1549 1114 1604 etex

106 1652 231 1734 arcibus
246 1652 320 1732 ipsis
339 1653 472 1712 deferet.
495 1652 563 1713 Alia
583 1652 621 1712 ab
643 1673 764 1728 occasu,
781 1652 841 1714 alia
858 1652 896 1711 ab
911 1651 1028 1731 oriente
1040 1669 1114 1712 con-

105 1756 266 1810 current:
304 1770 383 1808 unus
419 1750 589 1809 humanum
624 1770 721 1827 genus
756 1748 869 1812 condet
893 1748 969 1807 dies
992 1747 1056 1808 Nec
1079 1767 1114 1806 ea

104 1865 228 1925 semper
248 1844 372 1905 licentia
399 1847 489 1905 undis
505 1847 586 1908 erit:
608 1847 672 1920 sed,
701 1853 826 1926 peracto
845 1845 966 1926 judicio
994 1843 1114 1922 generis

106 1942 246 2016 humani,
273 1943 494 2022 exstinctisque
513 1944 629 2023 pariter
651 1922 747 2011 ferie,
765 1943 797 2000 in
816 1962 946 2023 quarum
973 1941 1113 1999 homines

106 2038 229 2126 ingenia
255 2039 451 2114 transierant,
473 2041 585 2099 iterum
607 2061 701 2122 aquas
720 2021 805 2098 *terra
833 2037 969 2097 sorbebit
994 2055 1002 2098 :
1031 2038 1114 2096 te'rra

105 2135 234 2214 pelagus
244 2143 336 2208 stare,
347 2144 401 2195 aut
411 2137 491 2196 intra
502 2137 649 2197 terminos
658 2157 729 2195 suos
742 2137 843 2195 furere
854 2142 959 2213 coget:
972 2141 1003 2193 et
1017 2133 1114 2214 rejec-

107 2239 156 2290 tus
172 2253 188 2291 e
204 2233 319 2293 nostris
337 2233 472 2306 sedibus
489 2233 521 2292 in
534 2254 588 2293 sua
608 2242 724 2294 secreta
740 2232 873 2313 pelletur
898 2231 1052 2304 Oceanus,
1082 2238 1114 2290 et

102 2329 253 2409 antiquus
267 2329 342 2388 ordo
358 2329 680 2390 revocabam-„Omne
700 2351 737 2389 ex
758 2330 878 2406 integro
894 2328 1009 2388 animal
1022 2346 1113 2405 gene·

104 2426 236 2498 rabitur,
272 2425 456 2506 dabiturque
492 2427 703 2506 terris-horno
742 2427 856 2486 inscius
895 2426 1046 2486 scelerum
1082 2432 1113 2484 et

104 2522 285 2581 melioribus
300 2523 446 2604 auspiciis
461 2533 561 2584 natus,
587 2597 588 2601 ἵ

257 2698 343 2756 425.
365 2699 581 2756 Archimede
601 2699 735 2758 defend
755 2713 802 2757 sa
819 2699 955 2769 patrie.

320 2785 475 2866 (Patriam
498 2785 640 2868 defendit
660 2785 892 2866 Archimedes.)

143 2918 304 2977 Adversus
319 2919 530 2980 Romanorum
543 2920 684 2980 navalem
707 2926 890 2998 apparatum
908 2918 1111 2978 Archimedes
1137 2922 1177 2986 2·

103 3015 198 3073 variae
211 3009 434 3093 magnitudinis
443 3023 596 3076 tormenta
611 3017 641 3074 in
651 3017 745 3076 muris
758 3016 922 3096 disposuit.
934 3017 970 3074 In
979 3037 1030 3074 eas
1041 3035 1110 3094 quaa

102 3111 214 3189 procul
237 3119 325 3171 erant
340 3133 433 3173 naves
455 3135 526 3173 saxa
544 3113 661 3190 ingenti
686 3113 821 3193 pondere
840 3113 1016 3185 emittebat;
1041 3133 1111 3191 pro-

103 3208 207 3287 pieres
217 3207 386 3268 levioribus
395 3231 492 3290 eoque
500 3211 597 3287 magis
606 3209 720 3268 crebris
738 3209 862 3289 petebat
885 3210 971 3282 telis;
990 3216 1112 3288 postre-

103 3324 166 3377 mo,
178 3312 213 3364 ut
229 3305 276 3362 sui
285 3305 412 3365 vulnere
423 3307 529 3366 intacti
542 3307 601 3366 tela
612 3307 644 3364 in
658 3306 779 3364 hostem
790 3307 976 3384 ingererent,
987 3326 1110 3364 murum

104 3398 142 3458 ab
157 3401 221 3460 imo
236 3401 275 3460 ad
287 3423 440 3461 summum
454 3402 578 3476 crebris,
592 3402 779 3462 cubitalibus
790 3402 864 3473 scre,
877 3403 961 3461 cavis
976 3403 1106 3481 aperuit,

102 3517 160 3576 per
175 3518 245 3576 quae
267 3519 340 3557 cava
362 3520 431 3579 pars
452 3500 583 3578 sagittis,
603 3520 674 3579 pars
698 3499 913 3579 scorpionibus
929 3499 1057 3557 modicis
1072 3521 1110 3558 ex

101 3593 230 3652 occulto
243 3595 390 3674 petebant
399 3598 528 3657 hostem,
540 3597 625 3664 -Quae
642 3597 768 3676 propius
779 3596 850 3675 quia
861 3596 1011 3675 quaedam
1028 3597 1109 3654 subi-

106 3690 184 3748 bant
199 3711 304 3764 naves,
322 3713 383 3772 quo
398 3694 560 3752 interiores
575 3693 687 3752 ictibus
710 3699 933 3752 tormentorum
949 3701 1060 3763 essent,
1078 3694 1108 3750 in

103 3805 157 3844 eas
173 3786 329 3848 tollenone
350 3811 441 3870 super
461 3811 583 3850 murum
597 3791 750 3848 eminente
767 3791 864 3848 terrea
879 3811 998 3865 manuS,
1013 3791 1109 3848 firmae

533 3940 565 3962 ι
585 3901 634 3973 soi
654 3915 707 3961 .„=
