2682 4258
481 140 523 188 ω’
538 149 584 187 vm
606 133 707 186 iuves
729 149 780 186 uns
801 147 928 187 nonnius
1078 107 1083 134 ¹

431 625 516 686 ³89.
536 627 585 682 Le
603 623 756 684 rheteur
774 624 968 686 Labienus

510 859 566 943 (De
586 859 727 922 Labieno
748 861 894 943 rhetore.)

137 1236 194 1298 uh.
245 1241 398 1302 Labienus
407 1241 604 1319 fuitmagnus
614 1249 729 1315 orator,
743 1242 806 1322 qui,
817 1241 976 1321 permulta
985 1241 1214 1322 impedimenta

206 1338 370 1412 eluctatus,
393 1339 432 1396 ad
462 1339 572 1397 famam
597 1336 712 1416 ingenii
738 1338 958 1398 confitentibus
984 1339 1081 1417 magis
1109 1337 1215 1396 homi-

205 1436 297 1495 nibus
317 1442 510 1515 pervenerat,
533 1456 624 1514 quam
645 1435 833 1494 volentibus.
852 1435 977 1494 Summa
993 1441 1111 1514 egestas
1130 1421 1214 1506 erat,

205 1552 325 1590 summa
335 1532 475 1606 infamia,
493 1552 646 1590 summum
659 1531 775 1592 odium.
793 1532 905 1609 Magna
921 1539 1023 1591 autem
1039 1531 1131 1590 debet
1143 1551 1215 1590 esse

204 1627 392 1708 eloquentia,
410 1649 479 1708 quae
492 1628 599 1686 invitis
612 1628 745 1707 placeat;
762 1648 832 1686 eum
846 1628 969 1706 ingenia
995 1628 1083 1686 favor
1108 1625 1215 1685 homi-

204 1745 279 1783 num
296 1724 449 1797 ostendat,
468 1725 556 1782 favor
577 1725 649 1794 alat,
666 1733 813 1804 quantam
829 1724 892 1781 vim
910 1745 975 1782 esse
988 1731 1121 1803 oportet,
1138 1739 1215 1802 quae

205 1820 286 1880 inter
317 1821 472 1880 obstantia
503 1823 669 1900 erumpat?
687 1821 784 1880 Nemo
800 1829 865 1880 erat
884 1821 970 1901 quin,
995 1842 1064 1880 cum
1089 1820 1212 1879 homini

204 1917 308 1977 omnia
327 1917 491 1996 objecerat,
508 1919 633 1996 ingenio
653 1918 785 1976 multum
805 1918 965 1978 tribueret.
986 1918 1080 1978 Color
1097 1917 1215 1976 oratio-

206 2014 254 2072 nis
275 2014 421 2094 antiquae,
441 2015 530 2092 vigor
551 2035 651 2074 novae.
673 2013 784 2072 Cultus
805 2014 886 2072 inter
907 2021 1047 2074 nostrum
1069 2035 1103 2072 ac
1123 2014 1215 2093 prius

205 2109 362 2168 saeculum
379 2110 508 2180 medius,
529 2118 563 2168 ut
581 2109 667 2168 illum
684 2117 788 2190 posset
803 2118 933 2189 utraque
947 2131 1017 2190 pars
1032 2109 1090 2168 sibi
1109 2109 1216 2167 vindi-

204 2226 283 2264 care.
315 2205 452 2265 Libertas
475 2214 570 2278 tenta,
597 2214 630 2265 ut
654 2206 807 2265 libertatis
827 2227 938 2265 nomen
966 2207 1137 2277 excederet,
1166 2213 1212 2278 et,

205 2301 277 2381 quia
297 2303 410 2380 passim
424 2302 548 2360 ordines
563 2303 764 2383 hominesque
779 2303 924 2375 laniabat,
947 2303 1104 2362 Rabienus
1118 2323 1216 2362 voca-

205 2406 304 2456 retur.
321 2399 452 2456 Animus
464 2420 518 2477 per
533 2399 606 2457 vitie
624 2399 732 2476 ingens
748 2399 830 2458 etad
846 2400 1079 2459 similitudinem
1091 2400 1215 2476 ingenii

144 2522 150 2534 ·
206 2494 253 2553 sui
272 2494 440 2570 violentuS,
455 2501 486 2553 et
503 2496 555 2574 qui
570 2495 773 2575 Pompeianos
788 2497 915 2576 spiritus
928 2495 1065 2556 nondum
1078 2497 1109 2554 iu
1124 2503 1215 2555 tanta

208 2611 283 2670 pace
294 2591 459 2670 posuisset.
473 2591 507 2650 ln
519 2591 601 2652 huuc
613 2594 746 2672 primum
760 2594 933 2671 excogitata
949 2601 995 2651 est
1006 2613 1086 2651 nova
1099 2612 1192 2672 poena
1205 2611 1213 2653 z

207 2689 351 2747 effectum
364 2695 411 2746 est
423 2689 504 2747 enim
524 2709 579 2767 per
598 2689 738 2749 inimicos
754 2697 789 2748 ut
807 2709 914 2748 omnes
933 2689 1000 2770 ejus
1015 2689 1084 2748 libri
1104 2689 1216 2748 incen-

207 2785 367 2844 derentur.
384 2784 445 2843 Res
466 2805 546 2844 nova
566 2792 596 2844 et
615 2787 746 2858 insueta,
768 2786 919 2866 supplicia
936 2786 973 2844 de
989 2785 1099 2844 studiis
1115 2786 1210 2844 sumi.

209 2881 297 2941 Bono
321 2881 445 2940 hercule
462 2881 586 2961 publico
606 2882 664 2940 ista
686 2883 717 2941 in
739 2903 847 2962 poenas
868 2883 1028 2960 ingeniosa
1047 2881 1216 2942 crudelitas

208 2984 280 3058 post
299 2977 482 3037 Ciceronem
502 2978 628 3036 inventa
648 2985 718 3039 est:
741 2979 814 3058 quid
832 2979 914 3038 enim
934 2979 1072 3038 luturum
1094 2979 1163 3051 luit,
1185 2979 1215 3038 si

207 3074 366 3152 ingenium
385 3074 543 3132 Ciceronis
556 3074 726 3133 triumviris
744 3074 885 3134 libuisset
903 3076 1120 3154 proscribere?
1134 3075 1217 3136 Sunt

207 3171 250 3229 dii
276 3169 464 3230 immortales
491 3171 566 3230 lenti
588 3171 723 3251 quidem,
754 3171 807 3230 sed
831 3173 905 3230 certi
932 3171 1068 3231 vindices
1092 3173 1216 3252 generis

207 3268 345 3338 humani,
366 3275 396 3325 et
418 3288 527 3344 magna
548 3267 686 3346 exempla
711 3269 742 3326 iu
765 3276 858 3348 caput
881 3269 1105 3328 invenientium
1127 3290 1216 3347 rege-

207 3371 295 3438 runt;
322 3385 358 3422 ac
383 3365 554 3444 justissima
581 3365 718 3444 patiendi
741 3365 818 3437 vice,
845 3365 927 3444 quod
954 3365 1083 3445 quisque
1112 3364 1217 3425 alieno

208 3462 402 3539 excogitavit
426 3461 589 3540 supplicio,
608 3482 688 3541 saepe
709 3462 811 3540 expiat
830 3481 896 3522 suo,
917 3462 1064 3543 Ejus-qui
1081 3463 1161 3521 hanc
1182 3463 1217 3521 in

208 3558 326 3636 scripta
343 3557 468 3616 Labieni
486 3559 669 3616 sententiam
685 3557 816 3631 dixerat,
830 3567 937 3637 postea
958 3558 1093 3618 viventis
1110 3558 1217 3619 adhue

209 3654 326 3733 scripta
345 3654 504 3713 combusta
520 3663 607 3727 sunt;
619 3655 683 3733 jam
705 3676 766 3714 non
784 3655 865 3714 malo
885 3655 1037 3734 exemplo,
1054 3655 1125 3736 quia
1141 3675 1214 3716 suo.

635 3867 792 3918 -278-
