2656 4258
89 225 174 282 222.
194 225 245 282 De
264 223 418 281 l’amour
437 225 480 280 de
500 225 539 281 lo
558 202 693 282 nature
712 225 800 280 enez
823 223 879 280 les
895 221 1086 280 Romolns

150 317 322 400 (Quatenus
338 315 479 380 Romani
502 311 609 379 rerunt
636 309 756 379 ιιίιιιιιιι
778 315 959 378 miracuta
953 339 1025 415 con·

348 412 352 418 ’
462 414 606 514 templati
623 410 731 497 sint)
1056 405 1079 430 ”

126 520 212 582 Licet
224 519 326 616 oculis
343 521 478 603 quodam
494 521 596 582 modo
608 519 810 602 contemplari
827 501 1089 608 pulchritudinem
1115 498 1157 562 3⁹

83 637 188 677 rerum
216 604 293 699 quas
316 617 418 678 divine
446 617 644 677 Providentia
667 616 799 677 dicimus
823 599 1018 678 constitutas.
1043 618 1090 677 Ac

76 712 242 808 vprincipio
256 721 338 774 terra
353 714 498 775 universa
515 722 661 774 cernatur
678 713 790 773 vestita
810 697 950 786 floribus,
969 710 1088 787 herbis,

86 799 263 885 arboribus,
288 810 440 888 frugibus,
463 830 593 890 quorum
618 810 755 870 omniurn
775 807 982 870 incredibilis
978 799 1091 868 inulti-

85 906 165 966 tudo
173 895 346 968 insatiabili
367 907 517 967 varietate
534 905 745 996 distinguitur
766 905 855 966 Adde
874 905 936 966 huc
953 904 1089 966 sontium

88 994 221 1081 gelidas
217 1003 447 1098 perennitates,
470 1003 605 1083 liquores
631 1001 805 1083 perlucidos
830 1002 978 1076 amnium,
1009 1001 1090 1081 ripa-

82 1120 153 1160 rum
178 1119 232 1160 ves
234 1100 310 1160 titus
329 1099 543 1172 viridissimos,
567 1099 783 1180 speluncarum
810 1118 964 1160 concavas
987 1096 1090 1158 altitu-

84 1195 193 1272 dines,
203 1193 348 1256 saxorum
360 1196 552 1276 asperitates,
565 1195 809 1277 impendentium
822 1194 975 1255 montium
985 1194 1090 1255 altitu·

5 1363 6 1368 Ρ
81 1293 175 1352 dines
190 1292 473 1374 immensitatesque
493 1313 687 1373 camporum3
711 1292 790 1351 adde
812 1290 1090 1352 etiamrecenditas

5 1387 7 1494 l
81 1390 151 1448 auri
180 1373 360 1469 argentique
377 1409 482 1464 venaS,
506 1390 720 1470 infinitamque
742 1389 805 1447 vim
825 1385 1090 1455 marmoris.'Quae

5 1495 7 1608 p
86 1506 164 1544 vero
186 1492 217 1545 et
236 1506 329 1565 quam
360 1485 442 1546 varia
466 1507 578 1564 genera
600 1485 768 1545 bestiarum
794 1486 843 1545 vel
868 1486 1019 1559 cicurum,
1039 1482 1089 1544 vel

5 1609 7 1698 q
86 1583 248 1641 serarum?
273 1583 327 1663 qui
354 1582 515 1642 volucrum
543 1583 648 1662 lapsus
675 1590 768 1663 atque
792 1583 922 1642 cantus?
950 1569 992 1642 At
1015 1600 1090 1642 vero

5 1701 7 1764 q
84 1685 202 1758 quanta
217 1678 311 1752 utaris
330 1686 377 1738 est
393 1679 617 1759 pulchritudo?
630 1699 700 1759 quae
716 1679 832 1760 species
846 1678 1008 1739 universi?
1021 1697 1090 1758 quse
1112 1699 1116 1724 τ
1137 1691 1148 1704 “

5 1767 7 1850 l
84 1775 256 1835 multitudo
271 1782 303 1835 et
317 1777 450 1836 varietas
464 1775 632 1836 insularum
642 1777 657 1836 t
669 1775 745 1844 Quae
758 1775 952 1836 amoenitates
966 1794 1090 1834 orarum

5 1889 7 1950 J
85 1880 116 1931 et
128 1872 280 1938 litorum‘l
295 1872 370 1939 Quis
384 1872 528 1952 denique,
545 1893 616 1932 cum
626 1879 688 1932 tam
704 1880 787 1932 ratos
800 1880 952 1931 astrorum
967 1871 1091 1930 ordines

5 1973 6 1980 ’
88 1977 215 2049 tamque
235 1968 339 2028 omnia
363 1969 445 2028 inter
464 1990 497 2027 se
519 1989 636 2029 conexo
664 1976 695 2028 et
717 1976 788 2049 apta
810 1967 992 2048 suspexerit,
1019 1987 1090 2026 cum

5 2087 6 2120 ι
87 2065 239 2145 impetum
260 2065 328 2132 caeli
349 2064 525 2127 admirabili
545 2086 614 2125 cum
636 2065 792 2125 celeritate
809 2065 933 2126 moveri
950 2062 1091 2143 vertique

87 2161 215 2236 viderit,
227 2162 475 2226 constantissime
488 2161 705 2222 conficientem
712 2161 940 2222 vicissitudines
951 2159 1093 2220 anniver-

88 2257 186 2317 sarias
226 2278 298 2324 curn
326 2280 457 2320 ,summa
503 2259 601 2318 salute
643 2262 685 2318 et'
707 2259 943 2318 conservatione
988 2276 1091 2344 rerum

86 2355 238 2424 omnium,
253 2354 376 2416 dubitat
388 2356 462 2436 quin
474 2377 508 2416 ea
521 2376 583 2415 non
596 2355 695 2415 solum
707 2356 825 2416 ratione
836 2356 922 2432 fiant,
934 2353 1091 2414 sedetiam

86 2451 256 2510 excellenti
274 2452 408 2532 quadarn
422 2452 588 2533 divinaque
606 2453 749 2513 ratione?
871 2455 875 2460 ’

125 2600 210 2659 223.
225 2602 280 2684 La
298 2599 357 2656 vie
377 2601 590 2671 champetre
610 2603 669 2658 est
687 2603 772 2672 plus
791 2601 968 2659 ancienne
987 2613 1057 2672 que

228 2701 233 2711 ·
434 2691 526 2746 celle
546 2689 613 2746 des
631 2689 751 2747 villos.

202 2783 356 2868 (Agrestis
370 2783 440 2853 ,vita
461 2784 625 2867 antiquior
645 2792 690 2846 es't
710 2806 807 2867 quam
830 2784 974 2867 urbana.)

129 2891 298 2971 Antiquior
311 2898 359 2950 est
369 2891 468 2951 multo
480 2892 542 2950 vito
553 2891 714 2950 hominum
725 2891 839 2951 rustica
853 2913 946 2971 quam
960 2890 1089 2968 urbana,

93 2987 240 3067 quoniam
264 2987 324 3046 suit
347 2996 470 3068 tempus
491 3009 560 3046 cum
581 3009 651 3047 rura
673 2987 810 3062 colerent
829 2988 969 3048 homines
990 3008 1090 3068 neque

91 3084 197 3143 urbem
212 3083 372 3165 haberent.
389 3084 512 3143 Etenim
531 3085 774 3144 vetustissimum
795 3085 943 3165 oppidum
964 3084 1091 3160 comsit

91 3180 239 3240 traditum
256 3179 411 3253 Grmcum,
425 3181 553 3240 Boeotiae
570 3181 694 3255 Thebae,
714 3182 797 3262 quod
814 3202 868 3240 rex
885 3181 1006 3260 Ogyges
1019 3181 1091 3240 aedi·

88 3277 205 3349 ficavit,
234 3276 266 3335 in
294 3298 367 3355 agro
399 3277 539 3337 Romano
566 3277 676 3351 Roma,
717 3299 808 3359 quam
836 3277 1077 3350 Romulusrex,

88 3381 211 3452 tempus
226 3373 387 3453 utriusque
398 3374 483 3433 urbis
497 3374 631 3434 conditae
651 3375 676 3433 si
696 3374 810 3454 referas
829 3375 867 3434 ad
884 3374 961 3433 illud
977 3375 1092 3454 princi-

87 3469 172 3548 pium
192 3489 255 3548 quo
274 3471 340 3548 agri
358 3469 418 3529 coli
431 3471 621 3552 suntcoepti,
641 3472 766 3531 immani
788 3492 917 3535 numero
939 3492 1091 3531 annorum

89 3566 224 3626 urbanos
259 3553 587 3650 agricolae'praesterit.
609 3569 689 3626 ,Nec
715 3569 827 3644 mirum
862 3567 945 3648 quod
986 3568 1091 3628 divina

86 3670 196 3723 natura
208 3662 293 3722 dedit
302 3671 403 3743 agros,
419 3684 467 3723 ars
483 3665 616 3724 humana
628 3665 794 3723 aedificavit
806 3664 907 3737 urbes,
924 3685 995 3724 cum
1010 3672 1091 3724 artes

85 3779 195 3823 omnes
216 3759 361 3820 dicantur
376 3759 408 3818 ιιι
431 3761 550 3820 Graecia
570 3762 650 3820 intra
668 3761 751 3819 mille
774 3782 926 3821 annorum
947 3767 1088 3840 repertae,

83 3857 151 3936 agri
163 3863 415 3937 numquam‘non
436 3857 553 3917 luerint
570 3857 601 3916 in
624 3859 713 3916 terris
731 3857 860 3940 qui‘coli
879 3864 1006 3939 possint.
1031 3855 1089 3915 Cui

512 3993 547 4003 -—
567 3964 616 4016 155
635 3975 669 4002 ’-’-
