2656 4258
165 185 246 242 109.
265 188 418 244 Imitons
436 187 557 256 plutot
575 185 781 245 Democrito
801 187 1062 258 qu’neraeute.

167 288 392 370 (Democritum
406 290 513 372 potius
536 290 694 352 imitemur
714 313 811 374 quam
832 291 1055 375 Heraclitum.)

153 449 367 508 Democritum
397 451 501 530 potius
523 450 681 510 imitemur
700 473 792 532 quam
824 452 1025 512 Heraclitum.
1056 453 1113 514 Hic
1141 451 1180 515 2⁰

112 546 196 604 enim
218 547 340 626 quoties
365 547 402 605 in·
421 547 578 627 publicum
604 555 806 628 processerat,
831 549 934 621 ssebat,
960 549 1011 609 ille
1032 549 1114 608 ride-

111 642 177 701 bat.
212 643 294 702 Huic
322 645 436 717 omnia,
465 665 544 724 quae
577 645 708 723 agimuS,
737 646 887 718 miseriae,
910 645 955 705 illi
979 647 1113 726 ineptiae

111 738 302 799 videbantur
319 740 488 802 :elevanda
504 762 576 818 ergo
593 742 696 800 omnia
711 749 743 800 et
759 743 840 802 sacili
854 743 956 826 animo
974 743 1111 802 ferenda.

4 857 5 918 f
114 837 291 896 Humanius
302 844 349 896 est
358 837 496 896 deridere
511 838 606 897 vitam
619 859 712 918 quam
723 823 893 918 deplorare.
908 839 1017 919 Adjice
1029 839 1113 919 quod

4 937 5 1004 t
112 933 152 991 de
162 931 299 992 humano
311 954 434 1014 quoque
453 955 564 1012 genere
580 935 690 994 melius
709 943 844 994 meretur
860 935 913 1016 qui
929 936 1009 995 ridet
1023 935 1112 1007 illud,

4 1037 6 1128 ἰ
112 1051 206 1110 quam
229 1030 283 1110 qui
301 1030 387 1107 luget
406 1049 412 1091 :
434 1030 485 1089 ille
501 1037 533 1090 et
554 1032 618 1111 spei
638 1032 735 1090 bonae
750 1032 867 1112 aliquid
886 1032 1044 1112 relinquit,
1063 1031 1113 1090 hio

111 1135 217 1186 autem
242 1127 336 1186 stulte
359 1128 451 1187 desset
480 1149 559 1208 quae
576 1129 688 1206 corrigi
705 1149 795 1208 posse
816 1129 968 1209 desperat.
990 1130 1028 1188 Et
1047 1130 1114 1190 uni·

4 1215 6 1258 ÷
111 1244 202 1282 versa
219 1224 445 1304 contemplatus
457 1224 583 1309 majoris
597 1226 690 1284 animi
702 1232 757 1298 est,
774 1227 827 1306 qui
842 1227 937 1285 risum
951 1247 1014 1285 non
1025 1232 1114 1286 tenet

111 1341 214 1404 quaml
237 1321 290 1400 qui
312 1320 463 1393 lacrimas,
482 1320 606 1401 quando
623 1321 812 1381 levissimum
839 1323 995 1382 adfectum
1019 1323 1113 1382 animi

4 1487 6 1500 .
111 1421 231 1490 movet,
246 1416 363 1478 etnihil
383 1438 538 1495 magnum,
560 1418 636 1476 nihil
654 1439 805 1492 severum,
826 1440 864 1478 ne
885 1420 1030 1480 miserum
1048 1421 1115 1500 qui-

4 1507 6 1574 i
111 1514 184 1572 dem
198 1534 236 1572 ex
250 1520 337 1572 tanto
350 1521 459 1594 paratu
474 1520 574 1593 putat.
591 1514 651 1573 Sed
673 1515 768 1573 satius
788 1522 835 1574 est
858 1515 999 1596 publicos
1015 1537 1114 1575 mores

4 1601 5 1610 ἦ
111 1619 145 1670 et
174 1611 309 1668 humana
331 1611 407 1669 vitia
434 1611 552 1690 placide
577 1612 726 1690 accipere,
755 1614 862 1671 necin
885 1613 981 1671 risum
1005 1613 1114 1672 necin

4 1709 5 1728 ³
110 1707 256 1766 lacrimas
275 1707 478 1776 excidentem.
500 1707 578 1766 Nam
599 1708 707 1770 alienis
727 1708 813 1766 malis
832 1710 968 1789 torqueri
990 1716 1114 1768 aeterna

111 1804 237 1862 miseria
252 1809 308 1875 est,
325 1804 432 1862 alienis
452 1803 597 1863 delectari
609 1805 697 1882 mali-s
719 1805 863 1884 voluptas
881 1806 1063 1867 inhumana.
1080 1807 1114 1864 ln

111 1901 178 1960 suis
196 1921 319 1980 quoque
336 1900 422 1958 malis
443 1901 483 1959 ita
504 1921 607 1977 gerere
622 1922 653 1959 se
666 1907 800 1982 oportet,
819 1908 853 1960 ut
868 1901 968 1961 dolori
990 1909 1114 1961 tantum

111 1999 180 2068 dee,
204 2003 353 2076 quantum
369 1989 480 2076 poscit,
497 2018 558 2056 non
574 2003 724 2078 quantum
744 1998 949 2058 consuetudo,
973 1998 1116 2079 Plerique

110 2095 199 2153 enirn
228 2094 369 2154 lacrimas
396 2093 540 2166 fundunt,
568 2101 603 2152 ut
629 2094 804 2167 ostendant,
831 2102 862 2153 et
895 2093 988 2154 toties
1018 2094 1117 2155 siccos

4 2227 6 2258 r
111 2191 223 2250 oculos
241 2191 366 2261 habent,
389 2191 511 2270 quoties
531 2197 686 2272 spectator
704 2191 813 2262 defuit,
833 2199 922 2273 turpe
939 2191 1117 2272 judicantes

5 2285 6 2352 ἶ
110 2309 177 2348 non
193 2288 276 2360 flere,
294 2308 369 2370 cum¹
379 2308 485 2345 omnes
501 2288 622 2348 saciant.
639 2286 724 2347 Adeo
743 2289 865 2367 penitus
881 2290 939 2347 hoc
954 2309 985 2346 se
1002 2289 1116 2347 malum

4 2457 6 2472 *
110 2385 194 2457 fixit,
209 2404 245 2444 ex
255 2383 353 2444 aliena
369 2383 512 2463 opinione
527 2384 671 2464 pendere,
686 2383 761 2444 utin
777 2385 1005 2445 simulationem
1023 2386 1117 2444 etiam

111 2503 164 2540 res
176 2480 413 2559 simplicissima,
429 2479 526 2553 dolor,
541 2481 655 2542 veniat.

405 2728 485 2784 110.
507 2730 648 2796 Soyons
669 2729 828 2797 simplas.

400 2832 459 2914 (Te
480 2830 665 2913 simpliciter
686 2832 835 2913 ostende.)

158 2994 215 3052 Est
231 2999 262 3051 et
280 2992 332 3050 illa
352 2991 596 3051 sollicitudinum
618 3013 682 3054 non
699 2993 863 3052 mediocris
883 2993 1020 3060 materia,
1043 2991 1119 3051 site
1146 3013 1184 3076 2⁶

4 3123 5 3172 3
114 3090 208 3150 anxie
223 3109 389 3169 componas
407 3109 463 3146 nec
477 3089 546 3148 ullis
559 3090 740 3169 simpliciter
757 3090 912 3164 ostendas,
927 3089 1026 3172 qualis
1041 3089 1120 3174 mul7

115 3171 222 3246 torum
246 3186 308 3244 vita
332 3191 388 3259 est,
412 3186 495 3260 ficta,
521 3185 720 3244 ostentationi
741 3193 859 3265 parata.
883 3187 1021 3267 Torquet
1037 3187 1119 3246 enim

115 3282 247 3344 adsidua
257 3283 431 3342 observatio
444 3284 502 3358 sui,
515 3289 546 3341 et
555 3282 742 3361 deprehendi
754 3282 844 3341 aliter
855 3303 891 3341 ac
902 3283 981 3340 solet
993 3284 1115 3366 metuit,

4 3379 6 3434 ἶ
115 3402 175 3440 nec
191 3400 336 3459 umquam
354 3401 426 3439 cura
442 3380 599 3452 solvimur,
618 3379 669 3438 ubi
682 3380 774 3438 toties
791 3399 846 3436 nos
864 3378 1019 3437 aestimari
1032 3369 1120 3459 putass

116 3498 199 3550 mue,
216 3477 338 3556 quoties
348 3477 476 3556 adspici.
491 3475 568 3534 Nam
583 3481 615 3534 et
629 3476 725 3535 multa
741 3475 896 3547 incidunt,
913 3496 992 3555 quae
1005 3476 1119 3534 invitos

4 3595 6 3638 t
117 3572 290 3646 denudent,
302 3580 345 3646 et,
357 3579 391 3632 ut
406 3573 482 3631 bene
496 3572 586 3631 cedat
597 3579 681 3631 tanta
695 3573 742 3631 sui
753 3572 926 3650 diligentia,
939 3591 1002 3630 non
1015 3580 1118 3631 tamen

114 3669 255 3750 jucunda
268 3671 330 3729 vita
345 3677 398 3728 aut
408 3691 513 3728 secura
525 3677 570 3727 est
581 3691 700 3748 semper
715 3670 771 3728 sub
786 3689 919 3749 persona
934 3669 1116 3728 viventium.

120 3771 163 3826 At
178 3767 227 3825 illa
240 3774 390 3848 quantum
405 3765 495 3825 habet
510 3766 679 3845 voluptatis
690 3766 809 3825 sincera
827 3773 857 3825 et
867 3788 922 3846 per
933 3787 964 3824 se
980 3766 1119 3824 inornata

553 3927 689 3974 ..Π-
