2682 4258
358 139 441 196 383.
467 136 666 208 Deceptron
685 139 729 195 de
753 136 891 195 vanite'.

374 233 552 316 (Decipitur
578 233 738 295 Ciceronis
759 232 889 317 ploria.)

170 382 195 442 E
212 381 314 442 Sicilia
333 390 405 462 post
421 390 617 464 quaesturam
634 383 692 444 hac
711 404 765 464 spe
786 383 984 453 decedebam,
1003 389 1039 441 ut
1052 381 1129 440 mihi
1156 374 1197 439 3ο

132 478 283 558 populum
299 477 574 566 Romanumlultro
596 481 699 541 omnia
716 480 889 540 delaturum
912 467 1066 560 putarem.¹
1088 481 1132 540 At

130 596 187 654 ego
206 597 277 636 cum
296 597 369 656 casu
389 577 497 637 diebus
514 577 561 647 iis,
571 577 689 636 itineris
710 577 844 638 faciendi
865 597 965 646 causa,
979 575 1131 636 decedens

129 693 146 731 e
161 673 322 753 provincia
336 674 480 734 Puteolos
491 673 570 733 forte
583 675 747 748 venissem,
761 695 832 734 cum
847 673 971 755 plurimi
987 681 1018 732 et
1026 673 1132 732 lautis-

130 769 200 828 simi
215 770 247 828 in
262 770 300 829 iis
315 771 389 830 locis
411 770 511 830 solent
531 791 607 844 esse,
631 770 751 830 concidi
775 791 883 851 paene,
906 769 1038 851 judices,
1061 789 1132 828 cum

129 887 229 926 exme
244 867 369 947 quidam
388 868 557 948 quaesisset
576 868 704 948 quodie
727 868 826 927 Roma
847 867 977 926 exissem
997 874 1028 926 et
1042 887 1134 926 num·

127 963 279 1044 quidnam
292 971 375 1024 esset
392 965 478 1024 novi.
495 965 555 1024 Cui
569 985 641 1024 cum
662 965 891 1044 respondissem
908 985 956 1024 me
974 984 990 1022 e
1007 964 1133 1043 provin-

131 1061 177 1120 cia
194 1060 363 1121 decedere:
387 1085 401 1116 v
419 1062 520 1120 Etiam
541 1061 726 1134 mehercule,
750 1061 864 1141 inquit,
892 1068 927 1120 ut
945 1061 1067 1142 opinor,
1094 1079 1134 1120 ex

129 1157 244 1240 Africa.
264 1181 280 1214 »
305 1158 387 1218 Huic
400 1178 457 1236 ego
471 1159 536 1239 jam
552 1159 747 1218 stomachans
763 1157 924 1218 fastidiose
937 1175 969 1218 :n
982 1158 1082 1216 Immo
1095 1177 1134 1219 ex

129 1254 245 1328 Sicilia,
263 1279 278 1311 »
300 1255 438 1334 inquam.
453 1255 532 1314 Tum
551 1255 689 1336 quidam,
713 1255 800 1334 quasi
816 1255 870 1334 qui
889 1255 992 1314 omnia
1017 1241 1130 1314 sciret:

130 1374 146 1406 «
160 1350 264 1418 Quid?
292 1358 327 1410 tu
357 1351 468 1426 nescis,
496 1353 609 1432 inquit,
636 1353 720 1412 hunc
750 1359 945 1432 quaestorem
973 1351 1134 1431 Syracusis

129 1447 249 1508 fuisse?
264 1473 279 1505 »
296 1447 377 1516 Quid
390 1449 508 1508 multa?
519 1449 624 1509 destiti
639 1449 823 1509 stomachari
836 1456 868 1508 et
876 1469 925 1508 me
935 1469 1031 1508 unum
1046 1447 1135 1506 exiis

128 1545 200 1616 leci,
213 1545 267 1626 qui
282 1545 320 1606 ad
335 1566 430 1627 aquas
444 1547 612 1607 venissent.
630 1535 689 1605 Sed
703 1566 738 1605 ea
752 1567 812 1620 res,
824 1545 957 1626 judices,
974 1545 1057 1604 haud
1070 1544 1135 1604 scio

128 1662 168 1700 an
178 1640 249 1722 plus
261 1641 336 1701 mihi
347 1643 510 1722 profuerit,
523 1664 615 1724 quam
629 1643 654 1702 si
672 1642 747 1702 mihi
758 1650 824 1702 tum
836 1649 939 1701 essent
948 1662 1055 1701 omnes
1065 1662 1135 1720 gra-

127 1738 231 1799 tulati.
249 1739 327 1798 Nam
348 1747 455 1820 postea
470 1761 561 1820 quarn
576 1739 657 1799 sensi
670 1739 777 1820 populi
792 1739 924 1799 Romani
939 1759 1028 1798 aures
1042 1738 1136 1797 hebe-

128 1835 237 1910 tiores,
252 1835 359 1896 oculos
374 1844 477 1896 autem
493 1857 558 1896 esse
578 1857 662 1897 acres
682 1843 913 1916 atque-acutos,
931 1835 1036 1895 destiti
1059 1835 1136 1915 quid

128 1931 168 1990 de
187 1953 237 1992 me
262 1932 400 1992 audituri
415 1940 518 1992 essent
543 1934 684 1993 homines
700 1933 858 2012 cogitare:
882 1933 941 1992 feci
968 1940 1002 1991 ut
1025 1937 1134 2012 postea

128 2028 271 2108 quotidie
281 2037 474 2109 praesentem
487 2051 535 2090 me
546 2031 705 2092 viderent:
719 2030 857 2090 habitavi
870 2029 903 2089 in
917 2028 1026 2103 oculiS,
1036 2029 1134 2109 pressi
1223 2021 1226 2027 ’

127 2127 256 2186 forum:
283 2127 436 2186 neminem
461 2148 477 2186 a
498 2147 665 2205 congressu
686 2147 755 2188 meo
784 2147 884 2209 neque
908 2126 1028 2208 janitor
1047 2145 1137 2185 meus

134 2241 240 2303 neque
258 2243 385 2286 somnus
397 2224 574 2284 absterruit.

351 2391 436 2450 384.
456 2393 652 2462 sugemem
671 2405 737 2450 sur
751 2390 912 2450 ciceron.

422 2487 481 2569 (De
503 2487 651 2550 Cicerone
659 2488 843 2571 judicium)

170 2627 292 2696 Primus
310 2637 447 2698 excoluit
472 2622 643 2697 orationem
674 2638 793 2712 Cicero,
827 2637 945 2718 primus
971 2644 1003 2698 et
1027 2638 1130 2698 verbis
1144 2641 1202 2699 Rh.

127 2731 283 2792 delectum
300 2733 441 2794 adhibuit
455 2744 486 2794 et
505 2735 722 2815 compositioni
740 2743 836 2796 artem
854 2753 862 2798 :
890 2734 975 2794 locos
1006 2756 1131 2816 quoque

126 2819 262 2888 laetiores
283 2831 457 2904 attentavit,
470 2839 502 2891 et
516 2832 664 2912 quasdam
682 2831 850 2891 sententias
867 2831 998 2904 invenit,
1024 2832 1131 2912 utique

126 2926 161 2984 in
183 2926 231 2985 his
255 2927 446 2986 orationibus
481 2949 557 3009 quas
581 2928 683 2988 senior
703 2929 768 3009 jam
792 2936 823 2988 et
829 2928 919 3010 juxta
942 2929 1034 2987 finem
1059 2928 1132 2988 vitae

126 3009 315 3102 comphsuit.
335 3025 413 3083 Nam
429 3025 546 3105 priores
564 3025 630 3104 ejus
655 3025 811 3084 orationes
833 3046 896 3084 non
921 3031 1028 3084 carent
1047 3024 1133 3084 vitiis

126 3107 340 3199 antiquitatis:
356 3119 459 3180 lentus
477 3122 564 3182 estin
584 3122 754 3202 principiis,
774 3122 884 3204 longus
898 3122 931 3181 in
946 3122 1135 3184 narrationi-

125 3215 198 3287 bus,
208 3207 327 3276 otiosus
339 3217 419 3277 circa
430 3239 583 3293 excessus,
595 3219 682 3279 tarde
693 3225 915 3291 commovetur,
927 3239 996 3278 raro
1005 3217 1135 3278 incales-

126 3313 173 3372 cit
188 3313 301 3392 :pauci
315 3334 423 3374 sensus
443 3323 513 3394 apte
535 3323 654 3374 etcum
676 3315 810 3396 quodam
829 3315 946 3375 lumine
965 3315 1135 3376 terminan-

125 3417 182 3469 tur
197 3428 205 3470 τ
221 3409 295 3468 nihil
310 3431 483 3491 excerpere,
500 3412 577 3471 nihil
591 3413 706 3472 referre
721 3413 838 3492 possis3
859 3419 901 3486 et,
918 3412 1005 3472 velut
1019 3411 1052 3471 in
1063 3413 1135 3473 rudi

125 3505 273 3578 aedificio,
298 3507 405 3568 firmus
433 3530 505 3568 sane
529 3511 630 3590 paries
656 3517 687 3568 et
703 3510 881 3584 duraturus,
901 3509 955 3568 sed
978 3510 1136 3571 nonsatis

125 3592 285 3683 expolitus
300 3611 331 3663 et
345 3603 519 3685 splendens.
538 3607 602 3686 Ego
622 3613 725 3665 autem
756 3613 920 3683 oratorem,
945 3606 1026 3666 sicut
1050 3607 1145 3694 locu-⁴

124 3701 246 3784 pletem
258 3721 293 3760 ac
308 3701 465 3762 laudatum
481 3711 599 3784 patrem
619 3704 753 3778 familiae,
773 3724 835 3763 non
863 3725 899 3764 eo
921 3711 1042 3764 tantum
1062 3703 1136 3763 volo

212 3807 341 3859 Vaprrva
351 3809 390 3850 des
405 3808 522 3854 Romaim.
1027 3807 1052 3850 18

551 3891 708 3942 -273-
