2682 4258
417 181 543 220 MORALE.
566 194 605 208 ···-
626 181 812 218 annosorum

293 397 378 457 488.
399 399 427 455 11
447 398 529 454 faut
549 399 725 466 accepter
742 398 782 454 la
800 396 906 453 mort.

275 571 398 653 (AEquo
420 570 525 632 animo
546 593 630 632 mors
652 568 833 652 accipienda
854 571 921 648 est.)

139 880 298 940 Pellantur
318 881 384 938 istae
402 881 525 959 ineptia}
548 901 634 959 paene
657 881 763 952 aniles,
793 887 863 938 ante
880 886 1000 957 tempus
1023 876 1101 936 mori
1117 887 1167 948 mg

98 977 244 1036 miserum
267 999 344 1036 esse.
371 977 459 1044 Quod
480 976 605 1035 tandem
629 979 776 1056 tempus?
798 976 988 1034 Naturaene?
1011 975 1052 1032 At
1067 993 1101 1031 ea

97 1075 225 1153 quidem
259 1074 346 1133 dedit
378 1092 501 1140 usuram
529 1073 604 1132 vitae
637 1081 793 1152 tamquam
829 1070 978 1151 pecuniae,
999 1069 1102 1128 ⁴nullu
1156 1107 1159 1114 Δ

98 1171 272 1249 praestituta
293 1170 352 1230 die.
377 1156 457 1237 Quid
483 1176 530 1230 est
548 1169 643 1247 igitur
658 1168 742 1248 quod
762 1189 901 1248 querare,
927 1168 958 1225 si'
976 1166 1098 1244 repetit,

96 1287 169 1325 cum
182 1267 275 1326 vult‘l
291 1268 333 1326 Ea
358 1267 440 1326 enim
462 1262 644 1324 condicione
665 1286 836 1344 acceperas,
856 1265 963 1338 Iidem,
982 1263 1007 1322 si
1025 1281 1102 1342 puer

98 1385 213 1442 parvus
231 1363 356 1435 occidit,
375 1384 464 1442 aequo
480 1363 582 1420 animo
600 1362 761 1421 serendum
778 1367 908 1441 putant3
929 1360 955 1420 si
975 1380 1049 1419 vero
1068 1358 1100 1418 in

95 1461 195 1531 cunis,
215 1479 252 1518 ne
266 1460 456 1538 querendum
468 1459 604 1539 quidem.
623 1459 718 1538 Atqui
731 1459 836 1517 abhoc
852 1456 1101 1534 acerbiusexegit

97 1563 207 1615 natura
238 1556 319 1636 quod
350 1555 487 1614 dederat.
517 1554 694 1614 «Nondum
720 1561 908 1632 gustaverat,
941 1553 1098 1633 inquiunt,

96 1654 169 1712 vitae
188 1653 371 1711 suavitatem
388 1672 395 1724 ;
412 1652 462 1710 hic
476 1660 578 1711 autem
594 1653 657 1731 jam
678 1651 820 1730 sperabat
844 1667 970 1728 magna,¹
987 1650 1100 1730 quibus

96 1750 158 1808 frui
174 1758 320 1828 coeperat.
338 1774 351 1804 n
369 1751 409 1807 At
424 1748 454 1806 id
470 1748 594 1828 quidem
610 1749 641 1806 in
655 1747 764 1806 ceteris
782 1747 872 1806 rebus
887 1747 996 1806 melius
1007 1754 1100 1827 puta-

95 1856 158 1912 tur.
172 1847 305 1925 aliquam
321 1854 439 1925 partem
459 1866 550 1923 quam
576 1844 691 1902 nullam
709 1845 870 1921 attingere.
895 1844 960 1902 Cur
984 1843 1017 1901 in
1036 1844 1101 1902 vita

94 1945 206 2002 secus?
225 1943 340 2001 Eorum
368 1949 481 2012 autem,
504 1941 556 2021 qui
585 1948 691 2000 exacta
720 1947 809 2000 aetate
831 1941 1017 2013 moriuntur,
1040 1940 1102 1998 lor-

95 2049 171 2099 tuna
196 2039 351 2097 laudatur.
379 2039 465 2097 Cur?
491 2059 572 2110 nam,
598 2058 677 2110 reor,
703 2037 806 2107 nullis,
835 2037 861 2096 si
889 2037 953 2096 vita
978 2035 1101 2113 longior

94 2137 231 2208 daretur,
260 2142 365 2214 posset
388 2154 453 2192 esse
480 2133 658 2213 jucundior.
685 2133 768 2192 Nihil
794 2133 874 2192 enim
891 2139 936 2192 est
959 2133 1099 2213 profecto

95 2231 214 2291 homini
228 2231 391 2311 prudentia
410 2230 541 2300 dulciuS,
560 2251 663 2309 quam,
681 2238 716 2289 ut
736 2238 837 2291 cetera
861 2231 992 2304 auferat,
1012 2231 1101 2288 allert

95 2336 179 2388 certe
196 2335 347 2386 senectus
362 2327 436 2392 Quae
450 2347 524 2386 vero
540 2335 614 2384 aetas
634 2326 725 2405 longa
740 2333 797 2398 est,
812 2334 864 2386 aut
880 2326 953 2405 quid
972 2326 1100 2385 omnino

98 2424 218 2485 homini
229 2424 379 2502 longum?
396 2423 505 2481 Nonne

159 2520 254 2581 Modo
277 2540 398 2599 pueros²
423 2519 516 2578 modo
543 2519 765 2593 adulescentes
788 2520 820 2577 in
846 2541 949 2592 cursu,
974 2542 990 2580 a
1012 2529 1101 2599 tergo

909 2617 1099 2697 [insequens

158 2715 224 2773 Nee
245 2713 408 2795 opinantes
429 2720 568 2772 assecuta
591 2720 637 2771 est

95 2811 263 2871 senectus?
280 2809 338 2868 Sed
356 2810 426 2889 quia
443 2810 522 2867 ultra
541 2809 616 2866 nihil
632 2809 790 2892 habemur,
806 2809 865 2868 hoc
882 2811 1007 2888 longum
1025 2811 1101 2870 dici-

95 2929 175 2967 mus
201 2906 310 2965 Omnia
330 2906 398 2976 ista,
424 2905 550 2984 perinde
574 2912 607 2964 ut
626 2906 737 2984 cuique
759 2906 829 2965 data
849 2915 931 2973 sunt,
958 2916 1100 2986 prorata

96 3009 195 3084 parte,
210 3003 253 3061 ita
275 3010 329 3060 aut
345 3002 436 3080 longa
458 3010 512 3061 aut
528 3002 633 3060 brevia
655 3002 812 3062 dicuntur.
831 3005 922 3082 Apud
946 3005 1100 3084 Hypanim

96 3099 227 3158 lluvium
244 3099 425 3157 Aristoteles
439 3100 482 3158 ait
495 3098 641 3157 bestiolas
652 3099 799 3178 quasdam
814 3101 909 3169 nasci,
924 3122 993 3181 quae
1004 3123 1100 3161 unum

97 3197 179 3259 diem
199 3195 318 3254 vivant.
344 3195 387 3252 Ex
407 3193 455 3253 his
474 3195 580 3273 igitur,
596 3194 669 3254 hora
690 3203 798 3254 octava
814 3217 883 3275 quae
903 3205 1099 3272 mortuaest,

97 3299 245 3372 provecta
274 3298 364 3350 aetate
390 3299 512 3374 mortua
543 3299 605 3363 est;
637 3313 705 3370 quae
737 3313 810 3350 vero
839 3293 998 3352 occidente
1025 3296 1099 3368 sole,

98 3387 269 3466 decrepita,
282 3408 318 3445 eo
334 3389 442 3464 magis,
457 3388 482 3445 si
494 3387 585 3446 etiam
597 3388 750 3446 solstitiali
764 3387 823 3447 die.
838 3389 953 3448 Conler
964 3399 1099 3450 nostram

96 3484 307 3562 longissimam
324 3491 446 3542 aetatem
464 3504 534 3546 oum
555 3485 727 3542 aeternitate
743 3504 749 3545 :
767 3485 798 3542 in
816 3486 922 3550 eadem
938 3508 1102 3568 propemo-
1207 3542 1211 3552 .

0 3573 1 3628 ἒ
96 3581 172 3640 dum
189 3579 341 3638 brevitate
357 3601 417 3660 qua
432 3580 492 3638 illae
508 3579 647 3639 bestiolae
664 3583 861 3660 reperiemur.

525 3870 681 3922 -357-
