2682 4258
98 204 183 262 41³.
256 205 479 262 L’tndustrie
498 187 675 269 humaine'
687 209 723 262 et
748 179 786 263 la
803 171 1041 276 philosophie.

200 299 334 381 (Quanto
348 301 457 362 ceteris
478 301 600 362 artibus
621 301 823 384 philosophia
833 303 998 384 praestet.)

88 491 92 504 ,
139 431 296 511 Sapientia
319 433 411 494 altius
434 433 529 505 sedet,
554 455 610 493 nec
640 454 748 494 manus
775 435 899 496 edocet:
925 435 1098 495 animorum
1125 425 1165 489 2⁰

99 529 245 606 magistra
272 536 328 588 est.
353 531 408 589 Vis
432 530 508 590 scire
532 530 607 611 quid
628 531 679 590 illa
698 532 822 605 eruerit,
839 539 840 542 ’
855 531 930 613 quid
945 523 1099 592 effecerit?

100 645 163 683 non
178 625 345 685 dedecoros
365 627 501 707 eorporis
529 635 631 688 motus
660 649 716 688 nee
741 629 843 688 varios
869 648 924 709 per
948 629 1053 688 tubam
1065 648 1100 690 ac

100 722 208 782 tibiam
222 730 342 794 cantus,
356 725 468 804 quibus
484 733 630 804 exceptus
644 725 769 804 spiritus
782 732 835 785 aut
852 725 884 784 in
899 727 982 784 exitu
998 733 1051 785 aut
1068 724 1100 784 in

101 819 1098 898 transituformaturinvocem.Nonarma,neemurOS,necbella:

101 916 189 975 utilia
204 917 341 988 molitur,
362 919 430 998 paci
454 919 556 992 lavet,
570 926 600 978 et
613 940 709 997 genus
730 919 899 979 humanum
925 919 963 978 ad
975 909 1102 978 concor·

15 1023 16 1026 ’
101 1011 184 1071 diam
197 1019 299 1074 vocat,
330 1015 399 1074 Non
416 1023 472 1088 est,
493 1016 629 1095 inquam,
658 1015 933 1077 instrumentorum
962 1016 1000 1075 ad
1029 1035 1102 1082 usus

102 1110 293 1168 necessarios
308 1112 422 1191 opifex.
440 1113 519 1179 Quid
539 1112 582 1171 illi
599 1117 661 1172 tam
678 1113 807 1192 parvula
821 1113 991 1191 adsignas?
1007 1111 1103 1172 artifi-

15 1263 16 1266 ,
102 1225 169 1265 cem
184 1205 271 1266 vides
284 1208 377 1268 vitae.
401 1209 484 1267 Alias
502 1209 625 1288 quidem
653 1217 734 1268 artes
756 1210 812 1269 sub
835 1209 971 1269 dominio
997 1209 1100 1272 habet.

103 1302 182 1360 Nam
197 1304 247 1362 cui
262 1305 337 1378 vita,
354 1304 398 1363 illi
419 1307 513 1364 vitam
538 1327 661 1385 quoque
682 1307 823 1366 ornantia
844 1307 1006 1368 serviunt:
1025 1299 1104 1366 cetess

102 1420 172 1460 rum
190 1401 229 1458 ad
243 1401 367 1461 beatum
386 1410 500 1462 statum
516 1403 625 1463 tendit.
650 1403 706 1462 Illo
722 1404 818 1477 ducit,
841 1403 892 1462 illo
913 1404 978 1463 vias
992 1403 1102 1483 aperit.

15 1489 16 1492 ¹
102 1496 178 1563 Quae
197 1497 260 1556 sint
278 1499 367 1573 mala,
394 1520 462 1578 quae
481 1499 646 1558 videantur
664 1501 809 1559 ostendit.
826 1501 1003 1560 Vanitatem
1020 1499 1105 1558 exuit

15 1657 16 1664 ,
103 1594 270 1654 mentibus.
290 1595 352 1660 Dat
366 1597 609 1673 magnitudinem
625 1597 765 1669 solidam,
782 1597 918 1656 inflatam
934 1601 1008 1656 ‘vero
1023 1603 1054 1654 et
1068 1616 1105 1654 ex

103 1691 189 1750 inani
205 1693 374 1771 speciosam
395 1694 543 1773 reprimit,
565 1714 621 1753 nec
645 1694 779 1772 ignorari
806 1694 879 1753 sinit
893 1694 974 1752 inter
995 1714 1105 1773 magna

103 1787 181 1868 quid
195 1788 316 1870 intersit
333 1796 363 1847 et
377 1791 506 1849 tumida.
532 1791 640 1850 Totius
661 1798 789 1849 naturae
810 1791 951 1850 notitiam
978 1811 1013 1850 ac
1032 1811 1106 1849 suae

102 1885 213 1945 tradit.
234 1886 313 1953 Quid
329 1887 391 1945 sint
406 1887 436 1944 di
460 1887 625 1967 qualesque
641 1887 786 1960 declarat,
813 1888 887 1968 quid
908 1888 1012 1966 inferi,
1030 1886 1105 1967 quid

103 1981 183 2040 lares
198 1989 228 2041 et
240 1983 332 2060 genii,
350 1984 423 2065 quid
439 1985 470 2042 in
486 1984 650 2043 secundam
667 1984 828 2043 numinum
840 1976 970 2043 formam
987 1984 1105 2042 animae

104 2087 283 2158 perpetuae,
302 2080 353 2138 ubi
369 2082 550 2153 consistant,
568 2082 642 2160 quid
657 2089 759 2159 agant,
785 2082 860 2161 quid
883 2081 1012 2161 possint,
1026 2079 1106 2161 ‘quid

104 2177 214 2236 velint.
234 2177 318 2236 Haec
333 2178 399 2258 ejus
416 2178 608 2260 initiamenta
632 2185 715 2254 sunt,
732 2199 787 2258 per
801 2199 879 2259 quae
902 2199 964 2236 non
977 2176 1108 2236 munici-

104 2274 174 2353 pale
185 2294 317 2347 sacrum,
331 2275 383 2333 sed
394 2275 502 2353 ingens
513 2275 641 2336 deorum
653 2275 791 2335 omniurn
803 2275 963 2356 templum,
975 2275 1108 2333 mundus

115 2392 182 2451 pse,
202 2379 368 2432 reseratur.

231 2559 234 2566 -
319 2523 404 2579 414.
425 2524 525 2579 Ahus
545 2524 589 2579 de
608 2523 647 2580 la
666 2522 895 2593 navigation.

169 2686 173 2690 ,
240 2616 353 2698 (Quam
368 2639 515 2700 perverse
538 2617 711 2700 laevigandi
730 2625 797 2679 arte
820 2617 970 2700 utamur.)
1011 2666 1013 2672 .

147 2749 232 2817 Quae
253 2771 307 2809 nos
327 2739 481 2809 dementia
500 2751 645 2829 exagitat,
672 2738 702 2810 et
732 2751 763 2809 in
779 2758 922 2809 mutuum
951 2747 1111 2829 componit
1138 2751 1179 2816 20

104 2847 236 2906 exitium
248 2848 262 2905 ἱ)
274 2847 349 2906 Vela
367 2847 466 2906 ventis
492 2847 599 2906 damus
617 2848 731 2906 bellum
755 2847 891 2927 petituri,
912 2855 943 2906 et
957 2833 1110 2926 periclita-

104 2963 178 3001 mur
200 2943 328 3022 perieuli
346 2964 446 3002 causa.
473 2944 623 3002 Incertam
646 2944 802 3002 fortunam
834 2945 1019 3023 experimur,
1047 2941 1110 2999 vim

15 3039 16 3044 '
105 3045 329 3118 tempestatum
346 3041 428 3098 nulla
443 3061 500 3119 ope
514 3040 648 3099 bumana
663 3033 878 3120 superabilem,
897 3048 1025 3112 mortem
1046 3037 1111 3097 sine

107 3157 163 3216 spe
193 3137 370 3217 sepulturae.
403 3138 472 3196 Non
503 3145 568 3195 erat
605 3137 693 3210 tanti,
722 3137 746 3194 si
771 3137 809 3195 ad
841 3158 947 3216 pacem
976 3158 1031 3216 per
1054 3135 1112 3194 ista

107 3234 304 3293 veheremur.
331 3234 421 3292 Nunc
446 3255 515 3293 curn
536 3234 725 3292 evaserimus
747 3242 794 3292 tot
817 3235 960 3312 scopulos
981 3233 1112 3292 latentes

107 3337 140 3390 et
164 3331 291 3389 insidias
318 3331 424 3390 vadosi
453 3333 555 3401 maris,
591 3350 661 3389 cum
692 3331 890 3408 effugerimus
925 3329 1112 3409 procellosos

108 3429 244 3507 desuper
267 3435 397 3500 montes,
426 3449 480 3506 per
499 3448 575 3507 quos
592 3449 730 3508 praeceps
748 3427 778 3485 in
800 3428 981 3505 navigantes
1002 3435 1112 3486 ventus

108 3525 304 3605 impingitur,
325 3545 394 3582 cum
413 3524 567 3583 involutos
590 3518 696 3583 nubilo
719 3525 784 3582 dies
807 3532 837 3582 et
858 3524 970 3582 nimbis
984 3544 1019 3582 ac
1034 3525 1113 3583 toni-

109 3623 211 3682 tribus
227 3621 395 3680 borrendas
417 3629 533 3694 noctes,
550 3642 619 3680 cum
635 3621 810 3680 turbinibus
826 3621 946 3679 divulsa
966 3620 1088 3698 navigia
1105 3639 1111 3680 :

108 3719 180 3800 quis
193 3719 253 3777 erit
268 3718 360 3798 hujus
383 3718 495 3776 laboris
514 3739 549 3776 ac
571 3725 671 3776 metus
693 3718 837 3778 fructus?
853 3718 927 3785 Quis
943 3739 999 3776 nos
1015 3717 1114 3776 fessos

109 3822 159 3874 tot
177 3815 266 3873 malis
291 3821 399 3895 portus
422 3815 578 3894 excipiet?
600 3815 718 3873 Bellum
748 3815 865 3874 scilicet
889 3821 920 3874 et
945 3815 1055 3873 obvius
1082 3815 1114 3873 in

533 3932 690 4000 ssaeoss
