<?xml version="1.0" encoding="UTF-8"?>
<!DOCTYPE html PUBLIC "-//W3C//DTD XHTML 1.0 Transitional//EN"
    "http://www.w3.org/TR/xhtml1/DTD/xhtml1-transitional.dtd">
<html xmlns="http://www.w3.org/1999/xhtml" xml:lang="en" lang="en">
 <head>
  <title>
</title>
<meta http-equiv="Content-Type" content="text/html;charset=utf-8" />
  <meta name='ocr-system' content='tesseract 3.04.00' />
  <meta name='ocr-capabilities' content='ocr_page ocr_carea ocr_par ocr_line ocrx_word'/>
</head>
<body>
  <div class='ocr_page' id='page_1' title='image "./depublicaprivat00arnagoog_0102.png"; bbox 0 0 2670 4252; ppageno 0'>
   <div class='ocr_carea' id='block_1_1' title="bbox 241 182 1079 375">
    <p class='ocr_par' dir='ltr' id='par_1_1' title="bbox 241 182 1079 375">
     <span class='ocr_line' id='line_1_1' title="bbox 315 182 900 273; baseline 0.003 -37"><span class='ocrx_word' id='word_1_1' title='bbox 315 182 370 238; x_wconf 79' lang='lat'><strong>79.</strong></span> <span class='ocrx_word' id='word_1_2' title='bbox 389 184 462 273; x_wconf 9' lang='lat' dir='ltr'><strong>&#39;Les</strong></span> <span class='ocrx_word' id='word_1_3' title='bbox 480 183 589 240; x_wconf 78' lang='lat' dir='ltr'><strong>haine</strong></span> <span class='ocrx_word' id='word_1_4' title='bbox 608 184 693 240; x_wconf 86' lang='lat' dir='ltr'><strong>d’un</strong></span> <span class='ocrx_word' id='word_1_5' title='bbox 707 183 900 240; x_wconf 80' lang='lat' dir='ltr'><strong>affranchi.</strong></span> 
     </span>
     <span class='ocr_line' id='line_1_2' title="bbox 241 285 1079 375; baseline 0.004 -30"><span class='ocrx_word' id='word_1_6' title='bbox 241 285 377 368; x_wconf 76' lang='lat' dir='ltr'><em>(Liberti</em></span> <span class='ocrx_word' id='word_1_7' title='bbox 397 287 563 369; x_wconf 80' lang='lat' dir='ltr'><strong>cujusdam</strong></span> <span class='ocrx_word' id='word_1_8' title='bbox 584 287 733 348; x_wconf 83' lang='lat' dir='ltr'><strong>balneum</strong></span> <span class='ocrx_word' id='word_1_9' title='bbox 756 287 969 371; x_wconf 81' lang='lat' dir='ltr'><strong>describitur.)</strong></span> <span class='ocrx_word' id='word_1_10' title='bbox 988 307 990 312; x_wconf 83' lang='grc'><strong>’</strong></span> <span class='ocrx_word' id='word_1_11' title='bbox 1075 365 1079 375; x_wconf 34' lang='grc' dir='ltr'>Ι</span> 
     </span>
    </p>
   </div>
   <div class='ocr_carea' id='block_1_2' title="bbox 110 425 1172 2542">
    <p class='ocr_par' dir='ltr' id='par_1_2' title="bbox 144 425 1172 1767">
     <span class='ocr_line' id='line_1_3' title="bbox 147 425 1172 510; baseline 0.006 -26"><span class='ocrx_word' id='word_1_12' title='bbox 147 425 213 484; x_wconf 91' lang='lat' dir='ltr'><strong>Nou</strong></span> <span class='ocrx_word' id='word_1_13' title='bbox 236 426 297 485; x_wconf 91' lang='lat' dir='ltr'><strong>huc</strong></span> <span class='ocrx_word' id='word_1_14' title='bbox 319 427 459 487; x_wconf 79' lang='lat' dir='ltr'><strong>admissae</strong></span> <span class='ocrx_word' id='word_1_15' title='bbox 482 430 598 488; x_wconf 84' lang='lat' dir='ltr'>Thasos</span> <span class='ocrx_word' id='word_1_16' title='bbox 619 438 672 489; x_wconf 90' lang='lat' dir='ltr'><strong>aut</strong></span> <span class='ocrx_word' id='word_1_17' title='bbox 693 429 810 489; x_wconf 88' lang='lat' dir='ltr'><strong>undosa</strong></span> <span class='ocrx_word' id='word_1_18' title='bbox 832 431 988 510; x_wconf 80' lang='lat' dir='ltr'><strong>Carystos,</strong></span> <span class='ocrx_word' id='word_1_19' title='bbox 1084 457 1086 461; x_wconf 96' lang='lat'>·</span> <span class='ocrx_word' id='word_1_20' title='bbox 1115 435 1172 490; x_wconf 73' lang='lat' dir='ltr'><strong>nh.</strong></span> 
     </span>
     <span class='ocr_line' id='line_1_4' title="bbox 146 522 1035 608; baseline 0.007 -27"><span class='ocrx_word' id='word_1_21' title='bbox 146 522 254 583; x_wconf 83' lang='lat' dir='ltr'><strong>Maeret</strong></span> <span class='ocrx_word' id='word_1_22' title='bbox 275 545 358 604; x_wconf 84' lang='lat' dir='ltr'>onyx</span> <span class='ocrx_word' id='word_1_23' title='bbox 379 525 479 608; x_wconf 84' lang='lat' dir='ltr'><strong>longe,</strong></span> <span class='ocrx_word' id='word_1_24' title='bbox 504 527 703 606; x_wconf 75' lang='lat' dir='ltr'><strong>queriturque</strong></span> <span class='ocrx_word' id='word_1_25' title='bbox 728 527 868 588; x_wconf 83' lang='lat' dir='ltr'><strong>exclusus</strong></span> <span class='ocrx_word' id='word_1_26' title='bbox 890 528 1035 607; x_wconf 85' lang='lat' dir='ltr'><strong>ophites:</strong></span> 
     </span>
     <span class='ocr_line' id='line_1_5' title="bbox 146 619 900 702; baseline 0.008 -26"><span class='ocrx_word' id='word_1_27' title='bbox 146 619 215 702; x_wconf 87' lang='lat' dir='ltr'><strong>Sola</strong></span> <span class='ocrx_word' id='word_1_28' title='bbox 238 621 317 680; x_wconf 90' lang='lat' dir='ltr'><strong>nitet</strong></span> <span class='ocrx_word' id='word_1_29' title='bbox 337 621 426 680; x_wconf 88' lang='lat' dir='ltr'><strong>ssavis</strong></span> <span class='ocrx_word' id='word_1_30' title='bbox 449 623 622 681; x_wconf 85' lang='lat' dir='ltr'><strong>Nomadum</strong></span> <span class='ocrx_word' id='word_1_31' title='bbox 645 625 745 683; x_wconf 90' lang='lat' dir='ltr'><strong>decisa</strong></span> <span class='ocrx_word' id='word_1_32' title='bbox 769 624 900 682; x_wconf 78' lang='lat' dir='ltr'>metallis</span> 
     </span>
     <span class='ocr_line' id='line_1_6' title="bbox 148 715 1057 800; baseline 0.007 -27"><span class='ocrx_word' id='word_1_33' title='bbox 148 715 296 796; x_wconf 77' lang='lat' dir='ltr'><strong>Purpura,</strong></span> <span class='ocrx_word' id='word_1_34' title='bbox 320 717 383 776; x_wconf 89' lang='lat' dir='ltr'><strong>sola</strong></span> <span class='ocrx_word' id='word_1_35' title='bbox 406 739 482 777; x_wconf 90' lang='lat' dir='ltr'><strong>cavo</strong></span> <span class='ocrx_word' id='word_1_36' title='bbox 506 719 647 799; x_wconf 77' lang='lat' dir='ltr'><strong>Phrygiae</strong></span> <span class='ocrx_word' id='word_1_37' title='bbox 671 741 762 798; x_wconf 87' lang='lat' dir='ltr'><strong>quam</strong></span> <span class='ocrx_word' id='word_1_38' title='bbox 786 719 947 800; x_wconf 85' lang='lat' dir='ltr'><strong>Synnados</strong></span> <span class='ocrx_word' id='word_1_39' title='bbox 969 727 1057 779; x_wconf 86' lang='lat' dir='ltr'><strong>antro</strong></span> 
     </span>
     <span class='ocr_line' id='line_1_7' title="bbox 146 813 889 900; baseline 0.005 -30"><span class='ocrx_word' id='word_1_40' title='bbox 146 813 211 891; x_wconf 92' lang='lat' dir='ltr'><strong>lpse</strong></span> <span class='ocrx_word' id='word_1_41' title='bbox 234 816 408 874; x_wconf 80' lang='lat' dir='ltr'><strong>cruentavit</strong></span> <span class='ocrx_word' id='word_1_42' title='bbox 429 816 556 874; x_wconf 88' lang='lat' dir='ltr'><strong>maculis</strong></span> <span class='ocrx_word' id='word_1_43' title='bbox 579 817 745 875; x_wconf 86' lang='lat' dir='ltr'><strong>liventibus</strong></span> <span class='ocrx_word' id='word_1_44' title='bbox 767 817 859 887; x_wconf 78' lang='lat' dir='ltr'><strong>Attis,</strong></span> <span class='ocrx_word' id='word_1_45' title='bbox 885 890 889 900; x_wconf 34' lang='grc' dir='ltr'>Ι</span> 
     </span>
     <span class='ocr_line' id='line_1_8' title="bbox 145 909 918 993; baseline 0.008 -25"><span class='ocrx_word' id='word_1_46' title='bbox 145 909 280 990; x_wconf 74' lang='lat' dir='ltr'><strong>Quaeque</strong></span> <span class='ocrx_word' id='word_1_47' title='bbox 302 912 373 992; x_wconf 85' lang='lat' dir='ltr'><strong>Tyri</strong></span> <span class='ocrx_word' id='word_1_48' title='bbox 397 933 489 971; x_wconf 88' lang='lat' dir='ltr'><strong>venas</strong></span> <span class='ocrx_word' id='word_1_49' title='bbox 513 920 595 972; x_wconf 88' lang='lat' dir='ltr'><strong>secat</strong></span> <span class='ocrx_word' id='word_1_50' title='bbox 617 921 647 972; x_wconf 92' lang='lat' dir='ltr'><strong>et</strong></span> <span class='ocrx_word' id='word_1_51' title='bbox 669 912 794 972; x_wconf 87' lang='lat' dir='ltr'><strong>Sidonia</strong></span> <span class='ocrx_word' id='word_1_52' title='bbox 816 935 918 993; x_wconf 78' lang='lat' dir='ltr'><strong>rupes</strong></span> 
     </span>
     <span class='ocr_line' id='line_1_9' title="bbox 147 1007 820 1086; baseline 0.006 -22"><span class='ocrx_word' id='word_1_53' title='bbox 147 1007 297 1085; x_wconf 82' lang='lat' dir='ltr'><strong>Ellulgent</strong></span> <span class='ocrx_word' id='word_1_54' title='bbox 318 1029 458 1079; x_wconf 87' lang='lat' dir='ltr'><strong>camerae,</strong></span> <span class='ocrx_word' id='word_1_55' title='bbox 484 1011 569 1068; x_wconf 90' lang='lat' dir='ltr'><strong>vario</strong></span> <span class='ocrx_word' id='word_1_56' title='bbox 594 1009 715 1086; x_wconf 80' lang='lat' dir='ltr'><strong>lastigie</strong></span> <span class='ocrx_word' id='word_1_57' title='bbox 737 1011 820 1068; x_wconf 90' lang='lat' dir='ltr'><strong>vitro</strong></span> 
     </span>
     <span class='ocr_line' id='line_1_10' title="bbox 145 1104 947 1186; baseline 0.004 -25"><span class='ocrx_word' id='word_1_58' title='bbox 145 1104 178 1162; x_wconf 93' lang='lat' dir='ltr'><strong>lu</strong></span> <span class='ocrx_word' id='word_1_59' title='bbox 200 1106 317 1183; x_wconf 90' lang='lat' dir='ltr'><strong>species</strong></span> <span class='ocrx_word' id='word_1_60' title='bbox 339 1108 473 1165; x_wconf 87' lang='lat' dir='ltr'><strong>animata</strong></span> <span class='ocrx_word' id='word_1_61' title='bbox 497 1107 607 1165; x_wconf 79' lang='lat' dir='ltr'><strong>nitent.</strong></span> <span class='ocrx_word' id='word_1_62' title='bbox 626 1107 736 1186; x_wconf 88' lang='lat' dir='ltr'><strong>Stupet</strong></span> <span class='ocrx_word' id='word_1_63' title='bbox 758 1108 822 1186; x_wconf 90' lang='lat' dir='ltr'><strong>ipse</strong></span> <span class='ocrx_word' id='word_1_64' title='bbox 844 1107 947 1166; x_wconf 86' lang='lat' dir='ltr'><strong>beatas</strong></span> 
     </span>
     <span class='ocr_line' id='line_1_11' title="bbox 146 1199 929 1282; baseline 0 -22"><span class='ocrx_word' id='word_1_65' title='bbox 146 1199 377 1281; x_wconf 83' lang='lat' dir='ltr'><strong>Circumplexus</strong></span> <span class='ocrx_word' id='word_1_66' title='bbox 400 1223 473 1282; x_wconf 89' lang='lat' dir='ltr'><strong>opes</strong></span> <span class='ocrx_word' id='word_1_67' title='bbox 495 1211 525 1262; x_wconf 93' lang='lat' dir='ltr'><strong>et</strong></span> <span class='ocrx_word' id='word_1_68' title='bbox 546 1204 668 1282; x_wconf 88' lang='lat' dir='ltr'><strong>parcius</strong></span> <span class='ocrx_word' id='word_1_69' title='bbox 690 1205 821 1282; x_wconf 88' lang='lat' dir='ltr'><strong>imperat</strong></span> <span class='ocrx_word' id='word_1_70' title='bbox 841 1203 929 1282; x_wconf 83' lang='lat' dir='ltr'><strong>ignis</strong></span> 
     </span>
     <span class='ocr_line' id='line_1_12' title="bbox 145 1297 939 1381; baseline 0.005 -26"><span class='ocrx_word' id='word_1_71' title='bbox 145 1297 261 1357; x_wconf 92' lang='lat' dir='ltr'><strong>Multus</strong></span> <span class='ocrx_word' id='word_1_72' title='bbox 285 1298 399 1381; x_wconf 88' lang='lat' dir='ltr'><strong>ubique</strong></span> <span class='ocrx_word' id='word_1_73' title='bbox 421 1299 497 1368; x_wconf 78' lang='lat' dir='ltr'><strong>dice,</strong></span> <span class='ocrx_word' id='word_1_74' title='bbox 521 1299 613 1358; x_wconf 89' lang='lat' dir='ltr'><strong>radiis</strong></span> <span class='ocrx_word' id='word_1_75' title='bbox 637 1301 688 1358; x_wconf 89' lang='lat' dir='ltr'><strong>ubi</strong></span> <span class='ocrx_word' id='word_1_76' title='bbox 710 1300 844 1359; x_wconf 90' lang='lat' dir='ltr'><strong>culmina</strong></span> <span class='ocrx_word' id='word_1_77' title='bbox 867 1303 939 1359; x_wconf 89' lang='lat' dir='ltr'><strong>totis</strong></span> 
     </span>
     <span class='ocr_line' id='line_1_13' title="bbox 146 1394 958 1476; baseline 0.006 -25"><span class='ocrx_word' id='word_1_78' title='bbox 146 1394 283 1454; x_wconf 90' lang='lat' dir='ltr'><strong>Perforat</strong></span> <span class='ocrx_word' id='word_1_79' title='bbox 305 1403 397 1476; x_wconf 90' lang='lat' dir='ltr'><strong>atque</strong></span> <span class='ocrx_word' id='word_1_80' title='bbox 420 1397 480 1455; x_wconf 88' lang='lat' dir='ltr'><strong>alio</strong></span> <span class='ocrx_word' id='word_1_81' title='bbox 502 1397 547 1468; x_wconf 91' lang='lat' dir='ltr'><strong>sol</strong></span> <span class='ocrx_word' id='word_1_82' title='bbox 570 1397 727 1476; x_wconf 88' lang='lat' dir='ltr'><strong>improbus</strong></span> <span class='ocrx_word' id='word_1_83' title='bbox 751 1398 850 1456; x_wconf 89' lang='lat' dir='ltr'><strong>uritur</strong></span> <span class='ocrx_word' id='word_1_84' title='bbox 872 1405 958 1456; x_wconf 84' lang='lat' dir='ltr'><strong>aestu.</strong></span> 
     </span>
     <span class='ocr_line' id='line_1_14' title="bbox 145 1491 946 1573; baseline 0.002 -25"><span class='ocrx_word' id='word_1_85' title='bbox 145 1491 193 1549; x_wconf 86' lang='lat' dir='ltr'><strong>Nil</strong></span> <span class='ocrx_word' id='word_1_86' title='bbox 216 1492 258 1549; x_wconf 90' lang='lat' dir='ltr'><strong>ibi</strong></span> <span class='ocrx_word' id='word_1_87' title='bbox 281 1492 451 1571; x_wconf 81' lang='lat' dir='ltr'><strong>plebeium3</strong></span> <span class='ocrx_word' id='word_1_88' title='bbox 476 1514 628 1573; x_wconf 84' lang='lat' dir='ltr'><strong>nusquam</strong></span> <span class='ocrx_word' id='word_1_89' title='bbox 650 1494 804 1552; x_wconf 86' lang='lat' dir='ltr'><strong>Temesaea</strong></span> <span class='ocrx_word' id='word_1_90' title='bbox 826 1493 946 1552; x_wconf 83' lang='lat' dir='ltr'><strong>notabis</strong></span> 
     </span>
     <span class='ocr_line' id='line_1_15' title="bbox 144 1589 858 1670; baseline 0.003 -24"><span class='ocrx_word' id='word_1_91' title='bbox 144 1589 226 1658; x_wconf 88' lang='lat' dir='ltr'><strong>AEra,</strong></span> <span class='ocrx_word' id='word_1_92' title='bbox 252 1589 306 1648; x_wconf 89' lang='lat' dir='ltr'><strong>sed</strong></span> <span class='ocrx_word' id='word_1_93' title='bbox 328 1597 455 1668; x_wconf 79' lang='lat' dir='ltr'><strong>argento</strong></span> <span class='ocrx_word' id='word_1_94' title='bbox 478 1589 550 1648; x_wconf 86' lang='lat' dir='ltr'><strong>telix</strong></span> <span class='ocrx_word' id='word_1_95' title='bbox 574 1590 755 1670; x_wconf 86' lang='lat' dir='ltr'><strong>propellitur</strong></span> <span class='ocrx_word' id='word_1_96' title='bbox 777 1591 858 1648; x_wconf 88' lang='lat' dir='ltr'><strong>unda</strong></span> 
     </span>
     <span class='ocr_line' id='line_1_16' title="bbox 145 1671 943 1767; baseline 0.004 -25"><span class='ocrx_word' id='word_1_97' title='bbox 145 1671 343 1766; x_wconf 82' lang='lat' dir='ltr'><strong>Argentoque</strong></span> <span class='ocrx_word' id='word_1_98' title='bbox 366 1687 448 1745; x_wconf 88' lang='lat' dir='ltr'><strong>cadit</strong></span> <span class='ocrx_word' id='word_1_99' title='bbox 471 1686 624 1767; x_wconf 87' lang='lat' dir='ltr'><strong>labrisque</strong></span> <span class='ocrx_word' id='word_1_100' title='bbox 647 1688 817 1746; x_wconf 87' lang='lat' dir='ltr'><strong>nitentibus</strong></span> <span class='ocrx_word' id='word_1_101' title='bbox 838 1687 943 1759; x_wconf 87' lang='lat' dir='ltr'><strong>instat,</strong></span> 
     </span>
    </p>

    <p class='ocr_par' dir='ltr' id='par_1_3' title="bbox 110 1783 1040 2542">
     <span class='ocr_line' id='line_1_17' title="bbox 110 1783 809 1858; baseline 0.001 -18"><span class='ocrx_word' id='word_1_102' title='bbox 110 1847 114 1858; x_wconf 47' lang='grc'>,</span> <span class='ocrx_word' id='word_1_103' title='bbox 143 1783 276 1842; x_wconf 80' lang='lat' dir='ltr'><strong>Delicias</strong></span> <span class='ocrx_word' id='word_1_104' title='bbox 298 1783 407 1842; x_wconf 88' lang='lat' dir='ltr'><strong>mirata</strong></span> <span class='ocrx_word' id='word_1_105' title='bbox 429 1792 552 1856; x_wconf 81' lang='lat' dir='ltr'><strong>suaa,et</strong></span> <span class='ocrx_word' id='word_1_106' title='bbox 574 1785 656 1842; x_wconf 88' lang='lat' dir='ltr'><strong>abire</strong></span> <span class='ocrx_word' id='word_1_107' title='bbox 678 1783 809 1843; x_wconf 57' lang='lat' dir='ltr'><strong>recusati</strong></span> 
     </span>
     <span class='ocr_line' id='line_1_18' title="bbox 144 1879 983 1960; baseline 0.001 -23"><span class='ocrx_word' id='word_1_108' title='bbox 144 1879 236 1938; x_wconf 77' lang='lat' dir='ltr'><strong>Extra</strong></span> <span class='ocrx_word' id='word_1_109' title='bbox 259 1887 360 1940; x_wconf 88' lang='lat' dir='ltr'><strong>autem</strong></span> <span class='ocrx_word' id='word_1_110' title='bbox 385 1881 475 1939; x_wconf 88' lang='lat' dir='ltr'><strong>niveo</strong></span> <span class='ocrx_word' id='word_1_111' title='bbox 498 1881 550 1960; x_wconf 94' lang='lat' dir='ltr'><strong>qui</strong></span> <span class='ocrx_word' id='word_1_112' title='bbox 572 1881 710 1959; x_wconf 83' lang='lat' dir='ltr'><strong>margine</strong></span> <span class='ocrx_word' id='word_1_113' title='bbox 732 1881 862 1940; x_wconf 88' lang='lat' dir='ltr'><strong>caerulus</strong></span> <span class='ocrx_word' id='word_1_114' title='bbox 885 1881 983 1940; x_wconf 88' lang='lat' dir='ltr'><strong>amnis</strong></span> 
     </span>
     <span class='ocr_line' id='line_1_19' title="bbox 142 1976 1040 2057; baseline 0.004 -25"><span class='ocrx_word' id='word_1_115' title='bbox 142 1976 226 2035; x_wconf 89' lang='lat' dir='ltr'><strong>Vivit</strong></span> <span class='ocrx_word' id='word_1_116' title='bbox 248 1984 278 2034; x_wconf 90' lang='lat' dir='ltr'><strong>et</strong></span> <span class='ocrx_word' id='word_1_117' title='bbox 299 1977 337 2035; x_wconf 92' lang='lat' dir='ltr'><strong>ab</strong></span> <span class='ocrx_word' id='word_1_118' title='bbox 359 1998 479 2035; x_wconf 90' lang='lat' dir='ltr'><strong>summo</strong></span> <span class='ocrx_word' id='word_1_119' title='bbox 501 1978 631 2036; x_wconf 84' lang='lat' dir='ltr'><strong>fundum</strong></span> <span class='ocrx_word' id='word_1_120' title='bbox 654 1985 739 2057; x_wconf 89' lang='lat' dir='ltr'><strong>patet</strong></span> <span class='ocrx_word' id='word_1_121' title='bbox 760 1978 860 2036; x_wconf 91' lang='lat' dir='ltr'><strong>omnis</strong></span> <span class='ocrx_word' id='word_1_122' title='bbox 882 1979 912 2036; x_wconf 91' lang='lat' dir='ltr'><strong>in</strong></span> <span class='ocrx_word' id='word_1_123' title='bbox 935 1978 1040 2052; x_wconf 88' lang='lat' dir='ltr'><strong>imum,</strong></span> 
     </span>
     <span class='ocr_line' id='line_1_20' title="bbox 143 2071 962 2155; baseline 0.001 -24"><span class='ocrx_word' id='word_1_124' title='bbox 143 2071 200 2131; x_wconf 88' lang='lat' dir='ltr'><strong>Cui</strong></span> <span class='ocrx_word' id='word_1_125' title='bbox 223 2093 285 2132; x_wconf 92' lang='lat' dir='ltr'><strong>non</strong></span> <span class='ocrx_word' id='word_1_126' title='bbox 307 2074 350 2132; x_wconf 89' lang='lat' dir='ltr'><strong>ire</strong></span> <span class='ocrx_word' id='word_1_127' title='bbox 374 2074 441 2133; x_wconf 90' lang='lat' dir='ltr'><strong>lacu</strong></span> <span class='ocrx_word' id='word_1_128' title='bbox 464 2075 629 2155; x_wconf 83' lang='lat' dir='ltr'><strong>pigrosque</strong></span> <span class='ocrx_word' id='word_1_129' title='bbox 652 2075 809 2134; x_wconf 82' lang='lat' dir='ltr'><strong>exsolvere</strong></span> <span class='ocrx_word' id='word_1_130' title='bbox 832 2075 962 2133; x_wconf 87' lang='lat' dir='ltr'><strong>amictus</strong></span> 
     </span>
     <span class='ocr_line' id='line_1_21' title="bbox 142 2169 984 2252; baseline 0.004 -25"><span class='ocrx_word' id='word_1_131' title='bbox 142 2169 299 2230; x_wconf 86' lang='lat' dir='ltr'><strong>Suadeat?</strong></span> <span class='ocrx_word' id='word_1_132' title='bbox 321 2171 388 2229; x_wconf 90' lang='lat' dir='ltr'><strong>Hoc</strong></span> <span class='ocrx_word' id='word_1_133' title='bbox 410 2171 514 2230; x_wconf 90' lang='lat' dir='ltr'><strong>mallet</strong></span> <span class='ocrx_word' id='word_1_134' title='bbox 536 2173 619 2230; x_wconf 86' lang='lat' dir='ltr'><strong>nasci</strong></span> <span class='ocrx_word' id='word_1_135' title='bbox 644 2171 795 2252; x_wconf 81' lang='lat' dir='ltr'><strong>Cytherea</strong></span> <span class='ocrx_word' id='word_1_136' title='bbox 817 2171 984 2252; x_wconf 74' lang='lat' dir='ltr'><strong>profundo.</strong></span> 
     </span>
     <span class='ocr_line' id='line_1_22' title="bbox 142 2266 1025 2348; baseline 0.002 -24"><span class='ocrx_word' id='word_1_137' title='bbox 142 2266 222 2332; x_wconf 82' lang='lat' dir='ltr'><strong>Quid</strong></span> <span class='ocrx_word' id='word_1_138' title='bbox 244 2287 326 2325; x_wconf 92' lang='lat' dir='ltr'><strong>nunc</strong></span> <span class='ocrx_word' id='word_1_139' title='bbox 348 2275 442 2326; x_wconf 88' lang='lat' dir='ltr'><strong>strata</strong></span> <span class='ocrx_word' id='word_1_140' title='bbox 465 2268 530 2326; x_wconf 90' lang='lat' dir='ltr'><strong>solo</strong></span> <span class='ocrx_word' id='word_1_141' title='bbox 553 2269 684 2326; x_wconf 86' lang='lat' dir='ltr'><strong>referam</strong></span> <span class='ocrx_word' id='word_1_142' title='bbox 708 2269 844 2328; x_wconf 87' lang='lat' dir='ltr'><strong>tabulata</strong></span> <span class='ocrx_word' id='word_1_143' title='bbox 866 2275 1025 2348; x_wconf 87' lang='lat' dir='ltr'><strong>crepantes</strong></span> 
     </span>
     <span class='ocr_line' id='line_1_23' title="bbox 143 2363 1015 2444; baseline 0.005 -23"><span class='ocrx_word' id='word_1_144' title='bbox 143 2363 295 2422; x_wconf 83' lang='lat' dir='ltr'><strong>Auditura</strong></span> <span class='ocrx_word' id='word_1_145' title='bbox 316 2364 407 2443; x_wconf 79' lang='lat' dir='ltr'><strong>pilas3</strong></span> <span class='ocrx_word' id='word_1_146' title='bbox 433 2373 466 2423; x_wconf 95' lang='lat' dir='ltr'><strong>ut</strong></span> <span class='ocrx_word' id='word_1_147' title='bbox 488 2365 652 2442; x_wconf 82' lang='lat' dir='ltr'><strong>languidus</strong></span> <span class='ocrx_word' id='word_1_148' title='bbox 675 2366 754 2444; x_wconf 78' lang='lat' dir='ltr'><strong>ignis</strong></span> <span class='ocrx_word' id='word_1_149' title='bbox 776 2366 891 2424; x_wconf 85' lang='lat' dir='ltr'><strong>inerrat</strong></span> <span class='ocrx_word' id='word_1_150' title='bbox 955 2397 956 2400; x_wconf 37' lang='lat'>¹</span> <span class='ocrx_word' id='word_1_151' title='bbox 1013 2369 1015 2374; x_wconf 81' lang='lat'>&#39;</span> 
     </span>
     <span class='ocr_line' id='line_1_24' title="bbox 140 2459 1038 2542; baseline 0.006 -25"><span class='ocrx_word' id='word_1_152' title='bbox 140 2459 270 2518; x_wconf 88' lang='lat' dir='ltr'><strong>AEdibus</strong></span> <span class='ocrx_word' id='word_1_153' title='bbox 292 2467 324 2520; x_wconf 92' lang='lat' dir='ltr'><strong>et</strong></span> <span class='ocrx_word' id='word_1_154' title='bbox 344 2468 468 2520; x_wconf 90' lang='lat' dir='ltr'><strong>tenuem</strong></span> <span class='ocrx_word' id='word_1_155' title='bbox 492 2461 624 2520; x_wconf 91' lang='lat' dir='ltr'><strong>volvunt</strong></span> <span class='ocrx_word' id='word_1_156' title='bbox 646 2462 836 2542; x_wconf 81' lang='lat' dir='ltr'><strong>hypocausta</strong></span> <span class='ocrx_word' id='word_1_157' title='bbox 863 2463 1038 2542; x_wconf 78' lang='lat' dir='ltr'><strong>vaporem?</strong></span> 
     </span>
    </p>
   </div>
   <div class='ocr_carea' id='block_1_3' title="bbox 25 2657 1106 3044">
    <p class='ocr_par' dir='ltr' id='par_1_4' title="bbox 25 2657 1106 3044">
     <span class='ocr_line' id='line_1_25' title="bbox 104 2657 1106 2744; baseline 0.002 -14"><span class='ocrx_word' id='word_1_158' title='bbox 104 2672 164 2730; x_wconf 80' lang='lat'><strong>80.</strong></span> <span class='ocrx_word' id='word_1_159' title='bbox 177 2673 210 2730; x_wconf 84' lang='grc' dir='ltr'><strong>Α</strong></span> <span class='ocrx_word' id='word_1_160' title='bbox 223 2657 406 2729; x_wconf 68' lang='lat' dir='ltr'><strong>lltruscus</strong></span> <span class='ocrx_word' id='word_1_161' title='bbox 422 2686 488 2730; x_wconf 86' lang='lat' dir='ltr'><strong>sur</strong></span> <span class='ocrx_word' id='word_1_162' title='bbox 502 2673 541 2731; x_wconf 80' lang='lat' dir='ltr'><strong>la</strong></span> <span class='ocrx_word' id='word_1_163' title='bbox 554 2676 652 2731; x_wconf 84' lang='lat' dir='ltr'><strong>mort</strong></span> <span class='ocrx_word' id='word_1_164' title='bbox 666 2676 710 2731; x_wconf 87' lang='lat' dir='ltr'><strong>de</strong></span> <span class='ocrx_word' id='word_1_165' title='bbox 727 2687 793 2730; x_wconf 90' lang='lat' dir='ltr'><strong>son</strong></span> <span class='ocrx_word' id='word_1_166' title='bbox 805 2674 905 2744; x_wconf 78' lang='lat' dir='ltr'><strong>pere,</strong></span> <span class='ocrx_word' id='word_1_167' title='bbox 923 2672 1106 2732; x_wconf 80' lang='lat' dir='ltr'><strong>affranchi</strong></span> 
     </span>
     <span class='ocr_line' id='line_1_26' title="bbox 500 2762 705 2818; baseline -0.01 0"><span class='ocrx_word' id='word_1_168' title='bbox 500 2764 545 2818; x_wconf 83' lang='lat' dir='ltr'><strong>de</strong></span> <span class='ocrx_word' id='word_1_169' title='bbox 565 2762 705 2818; x_wconf 74' lang='lat' dir='ltr'><strong>Tibere.</strong></span> 
     </span>
     <span class='ocr_line' id='line_1_27' title="bbox 25 2864 1080 2948; baseline 0.003 -24"><span class='ocrx_word' id='word_1_170' title='bbox 25 2919 27 2924; x_wconf 91' lang='lat'><em>.</em></span> <span class='ocrx_word' id='word_1_171' title='bbox 119 2864 185 2944; x_wconf 81' lang='lat' dir='ltr'><strong>(Ad</strong></span> <span class='ocrx_word' id='word_1_172' title='bbox 205 2864 387 2940; x_wconf 79' lang='lat' dir='ltr'><strong>Etruscum,</strong></span> <span class='ocrx_word' id='word_1_173' title='bbox 412 2865 449 2926; x_wconf 85' lang='lat' dir='ltr'><strong>de</strong></span> <span class='ocrx_word' id='word_1_174' title='bbox 472 2873 570 2925; x_wconf 88' lang='lat' dir='ltr'><strong>morte</strong></span> <span class='ocrx_word' id='word_1_175' title='bbox 587 2865 699 2946; x_wconf 84' lang='lat' dir='ltr'><strong>patris,</strong></span> <span class='ocrx_word' id='word_1_176' title='bbox 725 2865 782 2948; x_wconf 88' lang='lat' dir='ltr'><strong>qui</strong></span> <span class='ocrx_word' id='word_1_177' title='bbox 808 2865 928 2926; x_wconf 78' lang='lat' dir='ltr'><strong>Tiberii</strong></span> <span class='ocrx_word' id='word_1_178' title='bbox 949 2866 1080 2927; x_wconf 79' lang='lat' dir='ltr'><strong>libertus</strong></span> 
     </span>
     <span class='ocr_line' id='line_1_28' title="bbox 535 2963 665 3044; baseline 0 -24"><span class='ocrx_word' id='word_1_179' title='bbox 535 2963 665 3044; x_wconf 70' lang='lat' dir='ltr'><strong>suerat)</strong></span> 
     </span>
    </p>
   </div>
   <div class='ocr_carea' id='block_1_4' title="bbox 25 3075 1169 3854">
    <p class='ocr_par' dir='ltr' id='par_1_5' title="bbox 25 3075 1169 3368">
     <span class='ocr_line' id='line_1_29' title="bbox 25 3075 1169 3175; baseline 0 -20"><span class='ocrx_word' id='word_1_180' title='bbox 25 3075 27 3104; x_wconf 51' lang='lat'>³</span> <span class='ocrx_word' id='word_1_181' title='bbox 136 3097 265 3155; x_wconf 89' lang='lat' dir='ltr'><strong>Summa</strong></span> <span class='ocrx_word' id='word_1_182' title='bbox 287 3095 389 3167; x_wconf 91' lang='lat' dir='ltr'><strong>deum,</strong></span> <span class='ocrx_word' id='word_1_183' title='bbox 415 3095 528 3167; x_wconf 89' lang='lat' dir='ltr'><strong>Pietas,</strong></span> <span class='ocrx_word' id='word_1_184' title='bbox 553 3095 636 3168; x_wconf 87' lang='lat' dir='ltr'><strong>ades,</strong></span> <span class='ocrx_word' id='word_1_185' title='bbox 661 3103 691 3154; x_wconf 91' lang='lat' dir='ltr'><strong>et</strong></span> <span class='ocrx_word' id='word_1_186' title='bbox 711 3095 844 3173; x_wconf 86' lang='lat' dir='ltr'><strong>lugentis</strong></span> <span class='ocrx_word' id='word_1_187' title='bbox 867 3097 987 3155; x_wconf 89' lang='lat' dir='ltr'><strong>Etrusci</strong></span> <span class='ocrx_word' id='word_1_188' title='bbox 1115 3117 1169 3175; x_wconf 47' lang='lat' dir='ltr'><strong>nh·</strong></span> 
     </span>
     <span class='ocr_line' id='line_1_30' title="bbox 136 3191 936 3271; baseline -0.001 -19"><span class='ocrx_word' id='word_1_189' title='bbox 136 3194 239 3252; x_wconf 89' lang='lat' dir='ltr'><strong>Cerne</strong></span> <span class='ocrx_word' id='word_1_190' title='bbox 261 3191 328 3271; x_wconf 92' lang='lat' dir='ltr'><strong>pios</strong></span> <span class='ocrx_word' id='word_1_191' title='bbox 349 3193 450 3252; x_wconf 77' lang='lat' dir='ltr'><strong>fletus</strong></span> <span class='ocrx_word' id='word_1_192' title='bbox 475 3193 538 3251; x_wconf 93' lang='lat' dir='ltr'><strong>Nos</strong></span> <span class='ocrx_word' id='word_1_193' title='bbox 560 3213 622 3250; x_wconf 94' lang='lat' dir='ltr'><strong>non</strong></span> <span class='ocrx_word' id='word_1_194' title='bbox 645 3213 748 3251; x_wconf 87' lang='lat' dir='ltr'><strong>arsura</strong></span> <span class='ocrx_word' id='word_1_195' title='bbox 771 3193 903 3252; x_wconf 83' lang='lat' dir='ltr'><strong>feremus</strong></span> <span class='ocrx_word' id='word_1_196' title='bbox 933 3239 936 3245; x_wconf 89' lang='lat'><em>.</em></span> 
     </span>
     <span class='ocr_line' id='line_1_31' title="bbox 135 3289 941 3368; baseline 0 -20"><span class='ocrx_word' id='word_1_197' title='bbox 135 3289 280 3361; x_wconf 87' lang='lat' dir='ltr'><strong>Munera,</strong></span> <span class='ocrx_word' id='word_1_198' title='bbox 308 3295 517 3368; x_wconf 83' lang='lat' dir='ltr'><strong>venturosque</strong></span> <span class='ocrx_word' id='word_1_199' title='bbox 540 3297 612 3347; x_wconf 89' lang='lat' dir='ltr'><strong>tuus</strong></span> <span class='ocrx_word' id='word_1_200' title='bbox 634 3289 758 3347; x_wconf 86' lang='lat' dir='ltr'><strong>durabit</strong></span> <span class='ocrx_word' id='word_1_201' title='bbox 780 3291 811 3347; x_wconf 91' lang='lat' dir='ltr'><strong>in</strong></span> <span class='ocrx_word' id='word_1_202' title='bbox 834 3311 941 3363; x_wconf 59' lang='lat' dir='ltr'><strong>annos</strong></span> 
     </span>
    </p>

    <p class='ocr_par' dir='ltr' id='par_1_6' title="bbox 25 3371 1121 3468">
     <span class='ocr_line' id='line_1_32' title="bbox 134 3379 1121 3466; baseline 0.001 -20.901"><span class='ocrx_word' id='word_1_203' title='bbox 134 3387 188 3446; x_wconf 86' lang='lat' dir='ltr'><strong>Me</strong></span> <span class='ocrx_word' id='word_1_204' title='bbox 205 3392 406 3456; x_wconf 86' lang='lat' dir='ltr'><strong>monstrante,</strong></span> <span class='ocrx_word' id='word_1_205' title='bbox 424 3385 523 3444; x_wconf 89' lang='lat' dir='ltr'><strong>dolor.</strong></span> <span class='ocrx_word' id='word_1_206' title='bbox 542 3387 648 3466; x_wconf 90' lang='lat' dir='ltr'><strong>Neque</strong></span> <span class='ocrx_word' id='word_1_207' title='bbox 664 3387 744 3444; x_wconf 91' lang='lat' dir='ltr'><strong>enim</strong></span> <span class='ocrx_word' id='word_1_208' title='bbox 760 3387 835 3444; x_wconf 88' lang='lat' dir='ltr'><strong>mihi</strong></span> <span class='ocrx_word' id='word_1_209' title='bbox 854 3388 925 3445; x_wconf 90' lang='lat' dir='ltr'><strong>ssere</strong></span> <span class='ocrx_word' id='word_1_210' title='bbox 944 3379 1121 3466; x_wconf 88' lang='lat' dir='ltr'><strong>parentem</strong></span> 
     </span>
    </p>

    <p class='ocr_par' dir='ltr' id='par_1_7' title="bbox 25 3483 969 3566">
     <span class='ocr_line' id='line_1_33' title="bbox 25 3483 969 3566; baseline 0.002 -24"><span class='ocrx_word' id='word_1_211' title='bbox 25 3485 27 3566; x_wconf 70' lang='grc'><strong>1</strong></span> <span class='ocrx_word' id='word_1_212' title='bbox 135 3485 296 3562; x_wconf 86' lang='lat' dir='ltr'><strong>Ignotum,</strong></span> <span class='ocrx_word' id='word_1_213' title='bbox 320 3489 351 3541; x_wconf 86' lang='lat' dir='ltr'><strong>et</strong></span> <span class='ocrx_word' id='word_1_214' title='bbox 372 3483 487 3541; x_wconf 90' lang='lat' dir='ltr'><strong>similes</strong></span> <span class='ocrx_word' id='word_1_215' title='bbox 510 3484 611 3561; x_wconf 82' lang='lat' dir='ltr'><strong>gemui</strong></span> <span class='ocrx_word' id='word_1_216' title='bbox 636 3484 791 3562; x_wconf 82' lang='lat' dir='ltr'><strong>projectus</strong></span> <span class='ocrx_word' id='word_1_217' title='bbox 813 3484 851 3541; x_wconf 92' lang='lat' dir='ltr'><strong>ad</strong></span> <span class='ocrx_word' id='word_1_218' title='bbox 873 3485 969 3562; x_wconf 82' lang='lat' dir='ltr'><strong>ignes</strong></span> 
     </span>
    </p>

    <p class='ocr_par' dir='ltr' id='par_1_8' title="bbox 25 3570 924 3684">
     <span class='ocr_line' id='line_1_34' title="bbox 25 3579 924 3684; baseline -0.001 -44"><span class='ocrx_word' id='word_1_219' title='bbox 25 3601 29 3684; x_wconf 59' lang='lat' dir='ltr'>l</span> <span class='ocrx_word' id='word_1_220' title='bbox 138 3582 194 3640; x_wconf 90' lang='lat' dir='ltr'><strong>llle</strong></span> <span class='ocrx_word' id='word_1_221' title='bbox 219 3579 295 3638; x_wconf 92' lang='lat' dir='ltr'><strong>mihi</strong></span> <span class='ocrx_word' id='word_1_222' title='bbox 317 3587 370 3638; x_wconf 90' lang='lat' dir='ltr'><strong>tua</strong></span> <span class='ocrx_word' id='word_1_223' title='bbox 393 3579 502 3638; x_wconf 86' lang='lat' dir='ltr'><strong>damna</strong></span> <span class='ocrx_word' id='word_1_224' title='bbox 526 3580 592 3638; x_wconf 91' lang='lat' dir='ltr'><strong>dies</strong></span> <span class='ocrx_word' id='word_1_225' title='bbox 615 3601 809 3658; x_wconf 85' lang='lat' dir='ltr'><strong>compescere</strong></span> <span class='ocrx_word' id='word_1_226' title='bbox 832 3589 924 3639; x_wconf 92' lang='lat' dir='ltr'><strong>cantu</strong></span> 
     </span>
    </p>

    <p class='ocr_par' dir='ltr' id='par_1_9' title="bbox 137 3676 1105 3758">
     <span class='ocr_line' id='line_1_35' title="bbox 137 3676 1105 3758; baseline -0.002 -19"><span class='ocrx_word' id='word_1_227' title='bbox 137 3677 273 3748; x_wconf 87' lang='lat' dir='ltr'><strong>Suadet;</strong></span> <span class='ocrx_word' id='word_1_228' title='bbox 298 3682 328 3734; x_wconf 82' lang='lat' dir='ltr'><strong>et</strong></span> <span class='ocrx_word' id='word_1_229' title='bbox 349 3677 414 3756; x_wconf 88' lang='lat' dir='ltr'><strong>ipse</strong></span> <span class='ocrx_word' id='word_1_230' title='bbox 435 3676 492 3734; x_wconf 90' lang='lat' dir='ltr'><strong>tuli</strong></span> <span class='ocrx_word' id='word_1_231' title='bbox 521 3697 597 3755; x_wconf 89' lang='lat' dir='ltr'><strong>quos</strong></span> <span class='ocrx_word' id='word_1_232' title='bbox 625 3698 707 3734; x_wconf 89' lang='lat' dir='ltr'><strong>nuno</strong></span> <span class='ocrx_word' id='word_1_233' title='bbox 734 3678 789 3735; x_wconf 91' lang='lat' dir='ltr'><strong>tibi</strong></span> <span class='ocrx_word' id='word_1_234' title='bbox 812 3679 937 3736; x_wconf 83' lang='lat' dir='ltr'><strong>confero</strong></span> <span class='ocrx_word' id='word_1_235' title='bbox 964 3685 1105 3758; x_wconf 68' lang='lat' dir='ltr'><strong>questus</strong></span> 
     </span>
    </p>

    <p class='ocr_par' dir='ltr' id='par_1_10' title="bbox 135 3773 1038 3854">
     <span class='ocr_line' id='line_1_36' title="bbox 135 3773 1038 3854; baseline -0.001 -20"><span class='ocrx_word' id='word_1_236' title='bbox 135 3777 207 3834; x_wconf 90' lang='lat' dir='ltr'><strong>Non</strong></span> <span class='ocrx_word' id='word_1_237' title='bbox 231 3773 288 3831; x_wconf 88' lang='lat' dir='ltr'><strong>tibi</strong></span> <span class='ocrx_word' id='word_1_238' title='bbox 310 3773 391 3831; x_wconf 90' lang='lat' dir='ltr'><strong>clara</strong></span> <span class='ocrx_word' id='word_1_239' title='bbox 414 3773 548 3853; x_wconf 90' lang='lat' dir='ltr'><strong>quidem,</strong></span> <span class='ocrx_word' id='word_1_240' title='bbox 573 3773 675 3831; x_wconf 89' lang='lat' dir='ltr'><strong>senior</strong></span> <span class='ocrx_word' id='word_1_241' title='bbox 696 3773 913 3854; x_wconf 80' lang='lat' dir='ltr'><strong>placidissime,</strong></span> <span class='ocrx_word' id='word_1_242' title='bbox 938 3775 1038 3852; x_wconf 83' lang='lat' dir='ltr'><strong>gentis</strong></span> 
     </span>
    </p>
   </div>
   <div class='ocr_carea' id='block_1_5' title="bbox 25 3685 27 3730">
    <p class='ocr_par' dir='ltr' id='par_1_11' title="bbox 25 3685 27 3730">
     <span class='ocr_line' id='line_1_37' title="bbox 25 3685 27 3700; baseline 0 0"><span class='ocrx_word' id='word_1_243' title='bbox 25 3685 27 3700; x_wconf 70' lang='lat' dir='ltr'><strong>t</strong></span> 
     </span>
     <span class='ocr_line' id='line_1_38' title="bbox 25 3701 27 3730; baseline 0 0"><span class='ocrx_word' id='word_1_244' title='bbox 25 3701 27 3730; x_wconf 96' lang='grc' dir='ltr'>Ι</span> 
     </span>
    </p>
   </div>
   <div class='ocr_carea' id='block_1_6' title="bbox 529 3935 655 3986">
    <p class='ocr_par' dir='ltr' id='par_1_12' title="bbox 529 3935 655 3986">
     <span class='ocr_line' id='line_1_39' title="bbox 529 3935 655 3986; baseline -0.008 -12"><span class='ocrx_word' id='word_1_245' title='bbox 529 3935 655 3986; x_wconf 65' lang='grc'><strong>-55,</strong></span> 
     </span>
    </p>
   </div>
   <div class='ocr_carea' id='block_1_7' title="bbox 0 0 1340 4252">
    <p class='ocr_par' dir='ltr' id='par_1_13' title="bbox 0 0 1340 4252">
     <span class='ocr_line' id='line_1_40' title="bbox 0 0 1340 4252; baseline 0 3"><span class='ocrx_word' id='word_1_246' title='bbox 0 0 1340 4252; x_wconf 95' lang='lat' dir='ltr'><strong> </strong></span> 
     </span>
    </p>
   </div>
  </div>
 </body>
</html>
