2682 4258
526 213 562 252 aa
582 213 630 251 vra
651 197 751 252 rnrvs's
771 215 823 252 nes
844 213 970 252 aouams

180 379 182 386 .
248 324 426 396 eoncitatiO,
449 334 483 384 ut
508 325 593 384 illum
620 326 727 384 eodem
756 323 857 386 animo
880 326 1003 398 dixisse,
1023 347 1084 406 quo
1109 325 1243 399 bellavit,

187 471 191 477 .
209 425 213 432 '
250 430 398 502 appareat
411 448 417 492 ;
435 431 563 482 exornat
578 431 679 482 tamen
694 422 758 481 haec
773 423 876 481 omnia
890 423 965 481 mira
980 423 1140 496 sermonis,
1157 423 1244 503 cujus

250 519 373 598 proprie
385 520 543 578 studiosus
565 519 633 590 fuit,
648 519 811 598 elegantia.
831 519 1077 580 Commentarios
1096 520 1251 601 quosdam*
1333 555 1334 602 ,

249 595 495 694 scripsit'rerum
515 635 651 690 suarum,
679 616 769 675 valde
788 617 912 696 quidem
940 617 1116 696 probandos
1139 637 1147 678 t
1172 609 1247 678 nudi

249 713 330 770 enim
351 720 433 784 sunt,
456 713 531 772 recti
553 720 583 772 et
598 713 731 786 venusti,
760 714 842 772 omni
858 722 970 773 ornatu
998 714 1158 784 orationis,
1172 720 1245 772 tam·

248 828 339 887 quam
354 810 599 876 vestedetracto.
616 808 688 880 Sed,
706 809 779 868 dum
803 810 902 869 voluit
915 811 990 869 alios
1001 810 1113 868 habere
1127 817 1253 889 parata,-

249 907 331 964 unde
373 913 529 964 sumerent
559 906 611 985 qui
639 906 753 966 vellent
778 906 912 966 scribere
936 906 1107 979 historiam,
1133 907 1246 986 ineptis
1334 956 1335 986 ,

247 1010 368 1082 gratum
389 1001 519 1062 fortasse
533 1003 618 1075 fecit,
645 1003 697 1084 qui
712 1003 817 1062 volent
834 1004 886 1063 illa
903 1004 1084 1070 calamistris
1100 1003 1244 1068 inurere:

240 1114 332 1152 sanos
348 1093 473 1172 quidem
489 1094 629 1153 homines
650 1116 666 1154 a
689 1095 852 1154 scribendo
870 1097 1029 1156 deterruit.
1053 1097 1136 1156 Nihil
1167 1099 1249 1158 enim
1333 1093 1334 1160 ss

240 1199 287 1249 est
302 1189 333 1247 in
351 1189 479 1249 historia
495 1211 571 1270 pura
586 1198 616 1249 et
629 1191 742 1251 illustri
757 1192 907 1253 brevitate
920 1194 1053 1254 dulcius.

430 1422 436 1434 ,
471 1356 555 1416 376.
576 1358 771 1415 L’orateur
788 1357 1022 1416 Hortensius.

537 1452 596 1534 (De
619 1452 786 1514 Hortensio
807 1455 959 1535 oratore.)
1030 1527 1034 1542 Ι

179 1593 235 1653 ah,
291 1586 486 1659 Hortensius,
511 1607 581 1646 cum
605 1586 772 1647 admodum
795 1587 974 1647 adulescens
999 1608 1087 1647 orsus
1110 1594 1193 1646 esset
1218 1588 1251 1645 in

249 1682 318 1743 foro
334 1683 445 1754 dicere,
464 1683 604 1743 celeriter
617 1684 656 1742 ad
678 1685 810 1764 majores
831 1705 938 1744 causas
963 1684 1103 1743 adhiberi
1127 1691 1252 1764 coeptus

247 1787 304 1840 est.
326 1781 518 1859 Quamquam
541 1781 692 1840 inciderat
716 1781 748 1839 in
769 1781 869 1840 Cottae
896 1788 927 1840 et
955 1780 1084 1860 Sulpicii
1109 1789 1248 1852 aetatem,

245 1878 299 1956 qui
314 1877 403 1936 annis
416 1875 520 1936 decem
543 1878 674 1957 majores
701 1885 799 1949 erant,
817 1885 847 1936 et
868 1878 1035 1937 excellente
1054 1887 1119 1937 tum
1136 1877 1251 1936 Crasso
1337 1951 1338 1960 ἵ

247 1981 279 2032 et
302 1974 450 2046 Antonio,
480 1975 551 2033 dein
614 1975 769 2055 Philipp0,
796 1982 865 2055 post
888 1974 984 2051 lulio,
1009 1995 1079 2034 cum
1103 1974 1151 2033 his
1173 1974 1250 2053 ipsis

163 2077 165 2086 ’
245 2071 369 2130 dicendi
395 2071 491 2148 gloria
519 2071 765 2150 comparabatur.
802 2072 939 2131 Primum
979 2071 1249 2144 memoria‘tanta,

244 2175 392 2248 quantam
409 2169 440 2226 in
461 2168 546 2227 nullo
562 2169 743 2248 cognovisse
759 2189 807 2228 me
827 2169 970 2242 arbitror,
990 2177 1034 2240 ut,
1051 2188 1121 2248 quae
1143 2189 1249 2226 secum

189 2297 191 2302 .
244 2272 470 2325 commentatus
484 2273 574 2338 esset,
592 2287 627 2325 ea
642 2267 707 2326 sine
717 2266 832 2346 scripto
847 2266 950 2325 verbis
965 2265 1079 2326 eisdem
1089 2264 1248 2336 redderet,
1338 2313 1339 2342 ,

245 2362 358 2441 quibus
380 2363 589 2439 cogitavisset.
613 2363 680 2422 Hoc
694 2362 876 2442 adjumento
891 2363 941 2422 ille
968 2369 1056 2421 tanto
1075 2362 1119 2421 sie
1141 2362 1251 2421 uteba÷

245 2467 306 2528 tur,
324 2464 359 2516 ut
375 2467 473 2518 suaet
487 2466 692 2518 commentata
712 2466 743 2518 et
765 2460 889 2539 scripta,
905 2467 945 2530 et,
969 2459 1055 2518 nullo
1083 2459 1251 2526 referente,

245 2555 347 2614 omnia
370 2556 616 2615 adversariorum
640 2557 732 2630 dicta,
761 2556 960 2616 meminisset.
983 2555 1121 2614 Ardebat
1144 2563 1252 2614 autem

244 2652 414 2731 cupiditate
435 2653 489 2724 sie,
518 2660 553 2711 ut
569 2653 600 2711 in
614 2654 698 2712 nullo
726 2674 872 2732 umquam
898 2652 1078 2731 flagrantius
1110 2652 1253 2711 studium

244 2750 385 2810 viderim.
403 2749 429 2808 N
434 2749 530 2808 ullum
553 2751 634 2808 enim
654 2751 830 2828 patiebatur
849 2771 915 2808 esse
933 2749 1024 2821 diem,
1048 2749 1124 2829 quin
1151 2758 1209 2808 aut
1221 2751 1254 2824 in

244 2846 312 2905 foro
335 2845 460 2918 diceret,
495 2855 550 2906 aut
582 2847 783 2906 meditaretur
808 2856 893 2906 extra
926 2846 1048 2918 forum;
1078 2847 1255 2925 saepissime

195 2947 197 2965 '
243 2944 352 3003 eodem
375 2942 424 3001 die
435 2949 603 3023 utrumque
627 2943 768 3004 faciebat.
793 2944 1010 3022 Attuleratque
1031 2943 1159 3002 minime
1181 2944 1255 3002 vill-

244 3061 315 3118 gare
333 3061 430 3118 genus
449 3039 586 3112 dicendi;
613 3039 689 3099 duas
704 3039 828 3120 quidem
850 3061 898 3098 res
918 3061 994 3120 quas
1016 3060 1108 3098 nemo
1144 3039 1253 3099 alius:

245 3138 438 3216 partitiones,
456 3137 567 3219 quibus
582 3137 619 3196 de
637 3137 729 3196 rebus
751 3136 890 3195 dicturus
909 3144 999 3208 esset,
1031 3142 1062 3194 et
1090 3136 1257 3197 collectio-

245 3255 309 3302 nes,
324 3255 442 3293 memor
457 3254 563 3293 eorum
586 3255 654 3313 quae
676 3240 778 3292 essent
795 3233 876 3292 dicta
898 3241 1016 3304 contra,
1036 3254 1168 3313 quaeque
1185 3234 1257 3312 ipse

243 3329 382 3391 dixisset.
402 3331 475 3390 Erat
494 3329 525 3388 in
544 3330 707 3389 verborum
735 3328 899 3408 splendore
929 3330 1066 3407 elegans,
1096 3329 1258 3408 composi-

243 3428 329 3486 tione
355 3435 457 3508 aptus,
491 3428 636 3487 facultate
680 3426 834 3505 copiosus
862 3428 956 3486 Rem'
984 3425 1259 3506 complectebatur

244 3524 431 3596 memoriter,
447 3525 606 3583 dividebat
619 3531 719 3597 acute,
738 3544 794 3583 nec
806 3523 1061 3603 praetermittebat
1078 3523 1142 3582 fere
1157 3523 1259 3602 quid·

244 3643 347 3701 quam,
372 3622 454 3701 quod
477 3628 557 3680 esset
572 3621 602 3678 in
621 3642 712 3680 causa
727 3627 781 3679 aut
801 3621 840 3679 ad
861 3619 1106 3679 confirmandum
1126 3629 1183 3679 aut
1213 3619 1258 3679 ad

244 3717 457 3776 refellendum.
477 3718 544 3776 Vox
560 3739 672 3776 canora
684 3725 716 3776 et
731 3717 850 3789 suavis;
874 3725 976 3776 motus
989 3724 1020 3774 et
1036 3723 1138 3795 gestus
1152 3718 1270 3775 etiam'

244 3815 314 3893 plus
329 3815 403 3872 artis
416 3813 549 3873 habebat
566 3835 657 3894 quam
669 3821 734 3873 erat
749 3813 862 3874 oratori
878 3813 959 3873 satis.

668 3935 833 3987 *assa
890 3917 893 3924 '
