2656 4258
515 182 551 218 aa
572 181 618 218 vm
639 183 674 219 oa
695 163 811 220 socidrd
832 184 851 219 a
872 181 950 218 aona

230 293 332 352 miano
359 292 607 352 commodissime
633 293 803 372 exspectari
832 292 979 364 viderem,
1008 291 1168 352 dumtaxat
1195 291 1236 350 ad

229 390 329 471 pridie
353 395 448 450 nonas
472 390 578 450 maias
602 391 681 449 Vide
701 390 783 450 enim
806 380 1117 470 quibus'hominibus
1145 409 1238 448 aures

229 485 291 546 sint
304 487 415 546 deditae
431 508 516 548 meae.
532 485 731 546 Occasionem
747 487 919 558 mirificam,
935 487 960 544 si
977 487 1030 566 qui
1049 507 1142 560 nunc,
1158 485 1236 544 dum

229 583 261 642 hi
276 581 358 664 apud
374 605 421 643 me
437 591 519 657 sunt,
537 605 637 644 emere
658 584 695 644 de
716 605 763 643 me
781 584 912 643 fundum
930 584 1127 643 Formianum
1143 583 1235 642 velit.

229 678 269 740 Et
287 688 389 742 tamen
409 681 485 740 illud
505 681 676 761 probem?«
694 699 847 760 magnum·
865 680 939 760 quid
958 680 1184 758 aggrediamur,
1203 690 1234 740 et

228 777 334 838 multae
356 777 553 856 cogitationis
581 786 674 858 atque
696 779 751 838 otii
775 803 789 835 »
840 777 901 836 Sed
925 786 1028 854 tamen
1058 777 1187 836 satisfiet
1216 799 1235 836 a

228 875 328 949 nobis,
351 895 451 955 neque
477 881 622 954 parcetur
647 875 782 936 labori...
809 873 887 933 Cum
910 873 975 933 haec
1000 873 1131 933 maxime
1159 874 1235 933 scri-

227 970 342 1044 berem,
370 992 440 1030 ecce
459 971 516 1030 tibi
540 970 683 1030 Sebosus
713 971 858 1030 Nondum
883 972 973 1051 plane
996 965 1231 1048 ingemueram}
1319 1009 1320 1052 ,

228 1067 328 1138 Salve,
348 1067 450 1147 inquit
467 1068 585 1128 Arrius.
608 1069 676 1127 Hoc
693 1075 740 1127 est
755 1068 854 1128 Roma
874 1067 1047 1127 decedere?
1069 1067 1153 1135 Quos
1174 1088 1237 1144 ego
1319 1053 1320 1108 l

227 1163 368 1224 homines
379 1163 486 1242 effugi,
502 1185 572 1222 cum
589 1165 621 1223 in
637 1165 693 1224 hos
711 1165 824 1224 incidit
843 1165 907 1242 Ego
920 1185 995 1224 vero

347 1261 383 1319 ln
405 1267 526 1320 montes
548 1261 664 1339 patrios
686 1270 716 1320 et
738 1261 777 1321 ad
798 1261 985 1320 incunabula
1008 1269 1111 1320 nostra

227 1378 364 1438 pergam.
392 1357 546 1437 Denique,
578 1358 604 1417 si
630 1358 714 1417 solus
749 1378 811 1417 non
837 1365 979 1440 potuero,
1008 1378 1078 1417 curn
1106 1359 1239 1418 rusticis

227 1453 342 1534 potius,
357 1475 449 1535 quam
466 1475 535 1513 curn
549 1455 597 1514 his
612 1454 805 1535 perurbanis
980 1456 982 1466 ¹

231 1653 327 1715 Ι120.
346 1657 404 1716 Un
422 1653 624 1715 dilettante
645 1659 682 1714 et
701 1672 750 1715 un
767 1658 1012 1727 petit-mettre
1032 1657 1213 1743 romains.

453 1761 511 1845 (De
536 1761 657 1822 duobus
679 1761 774 1822 bellis
796 1761 1005 1846 hominibus.)
1148 1750 1150 1755 '

158 1924 201 1984 3⁰
266 1918 428 1981 Declamas
449 1919 539 1992 belle,
564 1941 671 1980 causas
693 1921 768 2000 agis,
792 1922 906 1993 Attice,
930 1922 1020 1990 belle,

172 2010 175 2018 ¹
306 2019 459 2078 Historias
481 2018 587 2091 bellaS,
612 2017 747 2077 carmina
770 2017 853 2077 bella
875 2018 961 2088 facis,

266 2115 434 2195 Componis
457 2115 534 2174 belle
556 2115 677 2188 mimos
702 2116 923 2194 epigrammata
946 2112 1035 2188 belle,

306 2211 408 2270 Bellus
430 2212 657 2289 grammaticus
683 2212 780 2271 bellus
803 2233 834 2270 es
855 2212 1041 2291 astrologus,
1115 2259 1121 2270 .

266 2309 305 2368 Et
326 2309 404 2367 belle
426 2319 542 2381 cantas,
567 2317 597 2368 et
619 2309 722 2381 saltas,
748 2309 862 2382 Attice,
886 2309 976 2382 belle,

305 2404 408 2463 Bellus
431 2425 462 2464 es
483 2412 548 2464 arte
570 2405 655 2484 lyrae,
680 2404 777 2468 bellus
799 2427 831 2464 es
853 2414 918 2465 arte
940 2407 1021 2487 pilae.

266 2499 315 2561 Nil
339 2499 416 2561 bene
437 2522 507 2560 cum
529 2501 634 2567 facias,
658 2502 751 2560 iacias
773 2510 877 2561 tamen
900 2503 1003 2563 omnia
1024 2503 1116 2578 belle,

307 2599 359 2657 Vis
381 2595 480 2658 dicam
501 2599 576 2678 quid
598 2599 664 2657 sis?
686 2619 816 2676 magnus
839 2619 869 2657 es
892 2599 1019 2660 ardeli0.
1040 2634 1082 2648 -

266 2695 378 2769 Cotile,
402 2696 499 2754 bellus
521 2696 614 2753 homo
636 2714 693 2756 es:
717 2695 825 2755 dicunt
846 2696 916 2769 hoc,
942 2695 1052 2769 Cotile,
1076 2697 1183 2758 multi.

305 2792 431 2853 Audio:
455 2792 508 2851 sed
529 2793 604 2872 quid
625 2792 676 2865 sit,
699 2791 750 2851 dic
772 2790 858 2864 mihi,
882 2792 980 2851 bellus
1002 2793 1110 2854 home.

267 2915 281 2944 «
306 2889 409 2952 Bellus
430 2888 523 2947 horno
545 2896 601 2962 est,
625 2889 721 2948 flexos
742 2888 795 2968 qui
818 2889 929 2967 digerit
950 2888 1057 2948 ordine
1078 2889 1196 2964 crines,

210 3020 217 3031 ·
270 2981 271 2984 ¹
306 2987 445 3045 Balsama
467 2986 518 3065 qui
542 3007 672 3065 semper,
696 2986 838 3046 cinnama
859 3006 980 3065 semper
1000 2985 1063 3045 olet
1070 3003 1080 3057 ς·

266 3085 351 3143 Inter
370 3083 520 3142 femineas
542 3089 607 3141 tota
630 3083 682 3162 qui
703 3082 771 3142 luce
793 3083 954 3142 cathedras

306 3180 433 3239 Desidet
454 3187 548 3259 atque
569 3179 671 3258 aliqua
694 3201 813 3260 semper
834 3180 866 3239 in
887 3201 960 3239 aure
982 3186 1088 3255 sonat;

266 3277 324 3345 Qui
345 3277 421 3354 legit
441 3276 513 3334 hinc
535 3276 619 3334 illinc
640 3276 747 3335 missas
769 3277 936 3358 scribitque
957 3277 1103 3352 tabellas;

306 3373 401 3433 Pallia
423 3373 519 3430 vicini
542 3373 594 3452 qui
617 3374 730 3451 refugit
752 3374 866 3448 cubiti3

266 3470 325 3538 Qui
347 3471 404 3530 scit
426 3490 517 3549 quarn
540 3470 610 3549 quis
632 3478 724 3544 amet,
748 3470 801 3551 qui
822 3491 877 3550 per
897 3469 1040 3530 convivia
1062 3471 1169 3546 currit,

306 3567 429 3647 Hirpini
451 3573 571 3625 veteres
595 3567 648 3645 qui
671 3567 748 3625 bene
771 3567 858 3626 novit
879 3588 964 3628 avos.
989 3591 1002 3623 n

265 3663 347 3730 Quid
369 3664 497 3722 narras?
519 3663 578 3722 hoc
600 3670 656 3737 est,
680 3662 739 3722 hoc
760 3672 816 3737 est,
841 3665 944 3737 homo,
970 3663 1081 3740 Cotile,
1105 3664 1238 3728 bellus?
1319 3671 1320 3694 ¹

308 3761 368 3820 Res
407 3759 575 3840 pertricosa
597 3767 654 3834 est,
680 3760 790 3834 Cotile,
814 3761 912 3820 bellus
934 3761 1037 3822 homo.
