2678 4250
266 201 461 240 BEAUx·ARTS.
484 217 523 228 -·
543 187 694 242 uenustus·
717 219 756 229 ···
777 206 918 244 AVOCATS.
942 221 981 230 -
1003 205 1199 245 Puouussuuus

231 312 353 370 doctum
377 313 563 375 existiment.
587 315 724 382 Quorum
752 316 940 396 opinionem·
966 317 1101 376 Orbilius
1138 319 1235 378 etiam

231 409 377 488 exemplis
408 411 580 471 confirmat.
604 413 730 472 Veteres
768 413 959 490 grammatici
987 422 1018 473 et
1043 413 1235 474 rhetoricam

230 505 402 579 docebant3
424 507 609 587 posteriores
630 530 754 589 quoque
776 510 929 584 existim0,
954 531 1144 596 ,quamquam
1164 511 1235 590 jam

230 601 370 661 discretis
401 604 655 682 professionibus
684 606 886 665 nihilominus
913 606 962 665 vel
987 607 1151 666 retinuisse
1179 608 1235 667 vel

229 697 400 759 instituisse
436 708 466 760 ct
501 702 584 780 ipsos
605 702 745 781 quaedam
783 723 895 780 genera
928 703 1159 763 institutionum
1192 704 1236 763 ad

230 794 436 875 eloquentiam
462 799 714 879 praeparandam,
734 807 766 858 ut
784 799 985 878 problemata,
1013 800 1235 880 paraphrases

229 889 441 977 allocutiones,
459 894 641 973 ethologiaS‚
656 903 748 976 atque
766 895 824 955 alia
846 895 905 955 hoc
922 917 1018 974 genus
1036 915 1043 956 :
1058 917 1096 955 ne
1112 896 1238 956 seilicet

228 987 301 1047 sicci
329 991 455 1049 omnino
477 1000 568 1072 atque
592 991 669 1051 aridi
696 993 783 1072 pueri
815 991 991 1051 rhetoribus
1018 993 1234 1056 traderentur.

228 1085 401 1146 Audiebam
419 1088 511 1146 etiam
527 1088 674 1147 memoria
688 1097 811 1168 patrum
825 1089 973 1168 quosdam
997 1109 1013 1148 e
1036 1091 1235 1165 grammatici

228 1180 302 1239 ludo
319 1184 465 1242 transisse
480 1184 511 1242 iu
534 1185 647 1257 lorum,
665 1193 758 1265 atque
774 1185 807 1242 in
824 1205 984 1244 numerum
1010 1185 1236 1264 prestantissi-

228 1297 348 1337 morum
363 1288 563 1359 patronorum
579 1289 731 1361 receptos.
952 1267 954 1272 Ι

429 1573 530 1662 Ι325.
552 1573 733 1642 Quelques
753 1571 1004 1644 etymologias.

412 1689 557 1774 (Aliquot
578 1692 787 1774 etymologiae
808 1692 1042 1775 exquiruntur.)

166 1911 203 1974 20
267 1903 414 1982 Incipiam
429 1904 501 1962 hinc
518 1905 649 1983 primum
668 1904 750 1984 quod
771 1904 884 1964 dicitur
904 1925 974 1988 apo,
997 1905 1088 1964 Actio
1110 1905 1147 1964 ab
1166 1908 1255 1984 agi.

228 2007 293 2059 tatu
317 2001 424 2060 facta:
450 2001 522 2059 hinc
547 2003 677 2060 dicimus
698 1999 766 2082 apit
787 2010 906 2079 gestum
922 2002 1091 2080 tragoedus
1109 2009 1140 2060 et
1156 2003 1233 2084 agi-

227 2103 333 2156 tantur
355 2085 530 2177 quadrigae;
550 2097 621 2160 hinc
640 2097 747 2179 agitur
769 2119 862 2177 pecus
873 2107 1005 2177 pastum.
1032 2098 1098 2165 Qua
1112 2097 1164 2156 vix
1178 2101 1233 2177 agi

226 2202 337 2272 potest,
355 2193 427 2252 hinc
441 2193 643 2276 angiportum
654 2214 664 2271 ,·
676 2215 735 2274 qua
752 2196 794 2253 nil
808 2203 910 2274 potest
922 2197 982 2273 agi,
997 2194 1231 2276 hincanpulus,

226 2290 274 2348 vel
295 2290 379 2370 quod
394 2291 425 2348 in
441 2312 477 2350 co
493 2291 839 2370 locusangustissimuS,
857 2293 945 2372 cujus
965 2292 1025 2351 loci
1040 2293 1066 2349 is
1081 2292 1227 2370 angulus.

224 2421 264 2432 -
279 2386 452 2467 Copitarea
470 2388 608 2464 cogendo
621 2389 737 2447 dictum
755 2409 761 2462 ;
778 2409 865 2447 mens
880 2389 967 2467 plura
979 2389 1010 2447 in
1027 2409 1121 2448 unum
1131 2390 1230 2466 cogit,

226 2483 307 2543 unde
330 2484 442 2560 eligere
466 2485 572 2563 possit.
590 2488 617 2543 A
631 2484 1023 2566 cogitationeconoilium;
1041 2485 1111 2544 inde
1126 2485 1231 2544 consi·

226 2579 314 2640 lium.
333 2581 372 2638 Et
387 2581 615 2655 vestimentum,
633 2581 715 2662 apud
730 2583 879 2641 fullonem
896 2601 965 2641 cum
978 2583 1109 2660 cogitur,
1124 2583 1229 2640 conci·

227 2675 303 2736 liari
316 2677 445 2736 dictum.
461 2713 500 2722 -
510 2679 560 2737 Sic
575 2676 746 2751 reminisci,
757 2699 827 2738 cum
839 2700 874 2738 ea
889 2699 957 2758 quae
972 2679 1073 2738 tenuit
1088 2699 1175 2737 mens
1190 2700 1228 2738 ac

225 2774 370 2834 memoria
390 2775 555 2852 cogitando
576 2781 770 2855 repetuntur.
796 2776 876 2834 Hinc
907 2776 999 2834 etiam
1026 2774 1225 2835 comminisci

224 2872 339 2930 dictum
362 2892 463 2930 acum
479 2881 509 2930 et
524 2880 635 2945 mente,
654 2893 724 2931 cum
738 2873 898 2950 finguntur
915 2872 946 2930 in
961 2879 1063 2931 mente
1081 2893 1150 2952 quae
1164 2893 1228 2931 non

223 2975 304 3028 sunt.
325 2968 373 3026 Ab
390 2968 496 3026 eadem
511 2976 613 3028 mente
630 2968 807 3028 meminisse
822 2969 951 3042 dictum,
969 2976 1116 3028 etamens
1140 2969 1193 3048 qui
1210 2991 1227 3028 a

222 3073 325 3124 mente
351 3086 405 3125 sua
434 3065 603 3126 descendit.
620 3065 834 3125 Meminissea
859 3066 1019 3138 memoria,
1052 3086 1122 3124 cum
1150 3066 1226 3145 quid

222 3147 371 3221 remansit
402 3163 434 3220 iu
460 3171 572 3235 mente,
602 3164 733 3243 indeque
763 3184 868 3222 rursus
892 3169 1036 3222 movetur
1062 3181 1069 3222 ε
1109 3183 1178 3241 quae
1207 3184 1224 3220 a

224 3260 385 3332 manendo,
416 3267 450 3317 ut
476 3258 673 3334 manimoria,
699 3268 801 3339 potest
824 3281 889 3319 esse
913 3261 1006 3318 dicta.
1032 3258 1080 3317 Ab
1114 3258 1225 3317 eodem

222 3377 355 3428 monere,
373 3356 454 3435 quod
468 3356 493 3414 is
517 3357 569 3436 qui
593 3365 708 3430 mouet,
729 3357 857 3437 proinde
880 3358 969 3415 sitae
990 3356 1148 3414 memoria.
1173 3356 1226 3414 Sic

223 3453 410 3511 monimenta
426 3475 494 3532 quae
512 3455 544 3510 in
560 3454 719 3533 sepulcris,
737 3461 768 3513 et
780 3454 848 3512 ideo
862 3453 1032 3512 secundum
1048 3452 1140 3524 viam,
1159 3473 1225 3531 quo

221 3557 441 3628 praetereuntes
457 3551 642 3610 admoneant
657 3558 731 3610 etse
749 3551 841 3609 fuisse
861 3559 892 3609 et
911 3550 980 3608 illos
999 3549 1155 3608 mortales.
1173 3550 1224 3609 Ab

221 3666 257 3704 eo
288 3653 387 3704 cetera
414 3668 482 3725 quae
502 3649 615 3728 scripta
639 3648 781 3722 aclacta,
803 3647 958 3706 memoriae
987 3667 1089 3720 causa,
1120 3645 1225 3704 moni-

222 3748 324 3801 menta
340 3741 432 3800 dicta.
