2656 4258
576 161 786 221 CHAPlTRE
808 161 851 220 lV

612 309 723 392 [Caput
743 309 804 392 IV)

495 624 533 662 cn
552 624 600 662 vm
620 624 655 660 na
677 606 793 662 socra'ri
814 625 833 663 a
854 625 931 662 noua

274 749 441 831 (Quomodo
463 751 599 812 Romani
617 751 686 812 vitae
708 751 817 834 officiis
838 751 935 835 sunqi
954 749 1042 812 soliti
1060 749 1148 831 sint.)
1228 713 1233 837 ἶ

465 1101 466 1108 ,
518 1050 576 1109 99.
596 1016 735 1110 tlivons
755 1050 901 1109 cache's.

585 1191 679 1272 (Ama
702 1191 840 1271 nesciri.)

147 1411 204 1474 nh,
255 1402 387 1481 Adspice
402 1408 517 1482 quanto
538 1403 626 1462 aliter
642 1403 853 1483 unusquisque
872 1403 987 1482 populo
1004 1403 1101 1474 vivat,
1127 1399 1216 1460 aliter

214 1498 283 1558 sibi.
307 1499 377 1558 Non
402 1505 449 1558 est
468 1520 523 1578 per
546 1521 577 1559 se
604 1500 750 1577 magistra
776 1500 962 1559 innocentiae
986 1498 1132 1571 solitudo,
1160 1517 1217 1556 nec

214 1594 422 1673 frugalitatem
449 1596 560 1656 docent
592 1617 678 1670 rura3
709 1597 773 1674 sed,
808 1597 860 1655 ubi
887 1597 975 1654 testis
1003 1615 1037 1654 ac
1061 1602 1218 1673 spectator

214 1691 372 1765 abscessit,
395 1693 470 1752 vitia
489 1693 663 1767 subsidunt,
687 1713 818 1773 quorum
843 1693 1007 1752 monstrari
1030 1699 1061 1750 et
1078 1690 1216 1769 conspici

215 1788 332 1848 fructus
355 1796 411 1849 est.
444 1790 518 1858 Quis
549 1811 626 1863 eam,
664 1811 756 1871 quam
789 1789 865 1848 nulli
898 1789 1086 1859 ostenderet,
1114 1787 1218 1845 induit

214 1889 405 1964 purpuram?
425 1887 492 1966 quis
519 1887 622 1966 posuit
644 1894 792 1946 secretam
814 1887 846 1946 iu
867 1907 941 1946 auro
964 1886 1101 1965 dapem?
1133 1884 1216 1965 quie,

214 1983 271 2041 sub
299 1982 428 2062 alicujus
457 1983 573 2042 arboris
602 1985 725 2043 rusticae
751 1984 907 2064 projectus
935 1983 1053 2054 umbra,
1086 1981 1218 2040 luxuriae

215 2100 277 2137 suae
288 2100 431 2159 pompam
444 2080 526 2139 solus
539 2081 711 2160 explicuit?
729 2080 828 2140 Nemo
843 2080 940 2139 oculis
960 2081 1022 2139 suis
1041 2079 1143 2138 lautus
1158 2085 1216 2148 est,

215 2197 252 2234 ne
279 2197 447 2254 paucorum
472 2177 596 2257 quidem
624 2185 678 2237 aut
705 2178 917 2251 familiarium
954 2177 1007 2236 sed
1034 2181 1217 2256 apparatum

215 2272 361 2331 vitiorum
384 2293 509 2332 suorum
534 2295 590 2353 pro
614 2275 706 2333 modo
732 2275 831 2334 turbae
856 2275 1023 2354 spectantis
1054 2270 1213 2352 expandit.

215 2369 262 2427 lta
290 2376 358 2429 est:
386 2369 612 2429 irritamentum
641 2379 687 2430 est
712 2371 906 2430 omnium'in
933 2391 1001 2450 quae
1030 2367 1213 2441 insanimus

214 2465 382 2525 admirator
400 2473 430 2524 et
448 2467 600 2527 conscius.
627 2468 673 2527 Ne
693 2469 947 2547 concupiscamus
974 2467 1097 2536 efficies,
1130 2467 1155 2524 si
1178 2486 1219 2523 ne

214 2562 412 2621 ostendamus
434 2564 579 2624 effeceris,
606 2565 753 2635 Ambitio,
773 2572 804 2623 et
827 2565 960 2636 luxuria,
982 2570 1012 2622 et
1033 2564 1217 2642 impotentia

214 2681 347 2718 scaenam
363 2659 537 2719 desiderant
554 2662 697 2722 :sanabis
714 2663 771 2720 ista
787 2663 811 2720 si
827 2661 1034 2720 absconderis,
1054 2662 1174 2741 ltaque,
1191 2661 1217 2718 si

166 2751 168 2754 ¹
215 2757 246 2815 iu
267 2757 368 2816 medio
393 2758 513 2815 urbium
539 2757 662 2817 fremitu
689 2759 830 2817 collocati
851 2752 968 2830 summ,
992 2764 1053 2816 stet
1076 2756 1115 2816 ad
1134 2758 1219 2815 latus

214 2854 360 2925 monitor,
385 2861 415 2912 et
437 2861 543 2913 contra
565 2855 738 2914 laudatores
761 2855 932 2933 ingentium
956 2854 1216 2934 patrimoniorum

214 2951 319 3009 laudet
333 2968 429 3029 parvo
447 2951 574 3009 divitem
590 2958 622 3010 et
633 2974 691 3011 usu
715 2973 788 3032 opes
807 2953 995 3012 metientem.
1012 2951 1129 3010 Contra
1146 2950 1220 3009 illos

215 3047 268 3127 qui
285 3047 414 3126 gratiam
436 3068 470 3107 ac
494 3050 664 3127 potentiam
686 3049 842 3122 attollunt,
862 3049 959 3108 otiu-m
979 3049 1045 3128 ipse
1070 3047 1222 3129 suspiciat

215 3144 363 3202 traditum
380 3144 490 3203 litteris
508 3152 539 3204 et
552 3145 689 3204 animum
711 3145 748 3204 ab
766 3146 900 3204 externis
922 3145 958 3204 ad
978 3166 1031 3204 sua
1046 3166 1217 3206 reversum.

215 3240 367 3300 Ostendat
388 3263 425 3300 ex
447 3241 668 3300 constitutione
693 3242 775 3319 vulgi
798 3242 904 3306 beatos
924 3243 955 3299 in
981 3243 1039 3301 isto
1061 3241 1218 3324 invidioso

199 3337 339 3417 ¹fastigio
357 3358 412 3396 suo
429 3345 594 3396 trementes
616 3346 646 3396 et
666 3339 824 3411 attonitos,
845 3339 998 3420 longeque
1015 3339 1105 3398 aliam
1125 3338 1164 3398 de
1187 3360 1221 3398 se

214 3433 391 3514 opinionem
413 3435 560 3493 habentes
582 3455 674 3515 quam
698 3436 736 3493 ab
765 3436 832 3494 aliis
858 3436 998 3496 habetur.
1028 3436 1116 3507 Nam,
1146 3456 1218 3515 quae

215 3530 281 3589 aliis
301 3531 418 3588 excelsa
438 3532 593 3605 videntur,
615 3532 689 3612 ipsis
711 3540 867 3611 praerupta
885 3541 967 3593 sunt.
992 3533 1100 3613 ltaque
1113 3535 1221 3592 exani-

216 3629 350 3699 mantur,
364 3634 394 3684 et
406 3628 572 3706 trepidant,
589 3629 711 3708 quoties
728 3629 936 3707 despexerunt
952 3630 984 3689 in
1001 3629 1078 3689 illud
1098 3631 1220 3708 magni-

215 3722 336 3781 tudinis
346 3743 407 3781 suae
418 3744 564 3802 praeceps.

644 3887 727 3966 -io
744 3941 776 3950 --
799 3889 817 3902 ⁶
