2678 4250
301 157 385 229 3246.
406 173 475 228 sur
493 173 533 232 la
551 174 647 230 mort
667 174 711 228 ue
730 171 881 228 manue.

419 267 477 348 (De
503 265 624 327 Tibulli
644 269 763 346 morte.)

156 399 321 460 Memnona
343 401 368 459 si
389 407 496 474 mater,
520 407 618 460 mater
639 400 771 480 ploravit
793 399 956 472 Achillem,
1111 375 1152 444 2⁰

194 495 233 554 Et
254 503 386 580 tangunt
408 517 533 574 magnas
555 497 653 578 tristia
676 498 738 556 sata
760 497 855 556 deas:

157 592 280 652 Flebilis
301 593 455 671 indignos,
480 593 613 671 Elegeia.
634 593 722 654 solva
743 592 887 673 capillos!

195 679 259 749 A'ht
284 690 375 748 nimis
396 710 433 748 cx
454 711 528 749 vero
550 711 633 752 nunc
655 690 711 748 tibi
733 710 846 748 nomen
867 688 937 749 crit.

157 785 209 845 llle
231 787 278 846 tui
299 795 384 846 vates
406 787 518 866 operis,
538 795 590 845 tua
612 786 704 857 lama,
723 786 862 845 Tibullus

195 882 292 941 Ardet
306 876 527 955 in'exstruct0,
551 903 664 964 corpus
685 883 786 954 inane,
811 903 896 958 rogo.

157 979 235 1038 Ecce
257 1000 334 1058 puer
354 981 482 1038 Veneris
504 979 564 1039 lert
585 1000 783 1058 eversamque
805 979 980 1059 pharetram

196 1076 233 1134 Et
253 1076 367 1136 fractos
390 1097 479 1135 arcus
501 1084 532 1138 et
553 1077 618 1134 sine
639 1076 707 1134 luce
730 1076 836 1135 lacem.

46 1241 48 1246 Ι
154 1172 300 1252 Adspice,
324 1173 465 1232 demissis
487 1181 522 1232 ut
542 1179 593 1232 eat
614 1173 796 1232 miserabilis
818 1173 885 1242 alis,

195 1268 388 1349 Pectoraque
406 1269 518 1330 infesta
540 1269 652 1328 tundat
672 1278 776 1347 aperta
798 1289 902 1328 manu.

153 1368 198 1422 At
218 1365 296 1426 sacri
318 1373 404 1424 vates
425 1373 456 1425 et
476 1365 582 1424 divum
604 1353 677 1424 cura
699 1384 876 1425 vocamur:

195 1462 274 1521 Sunt
294 1463 386 1522 etiam
408 1463 461 1542 qui
484 1483 540 1521 nos
561 1461 811 1521 numen'babere
833 1469 953 1542 putent.

152 1557 280 1618 Scilicet
300 1579 391 1618 omne
412 1579 532 1618 sacrum
554 1579 637 1618 mors
658 1559 834 1637 importuna
856 1558 1001 1637 prolanat
1022 1573 1031 1618 ε

195 1654 346 1714 Omnibus
366 1656 512 1716 obscuras
534 1655 635 1734 injicit
656 1655 707 1714 illa
729 1676 848 1714 manus.

153 1751 290 1832 Adspice
312 1752 508 1825 Maeoniden,
531 1774 548 1811 a
569 1772 643 1831 qu0,
667 1772 722 1810 ceu
744 1751 830 1809 fonte
851 1751 990 1830 perenni,

195 1848 309 1908 Vatum
331 1849 438 1907 Pieriis
460 1869 512 1908 ora
535 1847 677 1925 rigantur
698 1849 804 1928 aquis;

155 1943 251 2004 Hune
272 1964 396 2026 quoque
418 1966 537 2004 summa
559 1945 623 2004 dies
645 1946 733 2023 nigro
755 1944 918 2004 submersit
940 1947 1065 2002 Averno
1088 1962 1096 2004 τ

196 2041 373 2120 Defugiunt
394 2042 501 2101 avidos
522 2043 657 2101 earmina
677 2041 743 2101 'sola
765 2053 866 2118 rogos.

152 2139 235 2197 Vive
255 2139 326 2217 pius
349 2157 357 2198 ι
379 2139 509 2197 moriere
529 2139 609 2217 pius¹
634 2138 709 2198 Cole
731 2157 816 2198 sacra
839 2156 846 2196 :
870 2139 1023 2197 colentem

180 2235 280 2294 Mors
302 2236 403 2314 gravis
425 2257 441 2294 a
464 2235 586 2314 templis
607 2236 639 2293 in
661 2256 735 2306 cava
757 2235 847 2296 busta
868 2235 979 2294 trahet.

151 2330 354 2412 Carminibus
375 2331 496 2391 confide
518 2331 607 2390 bonis
631 2350 637 2391 :
659 2331 741 2412 jacet
762 2352 832 2392 ecce
853 2331 1019 2404 Tibullus,

195 2428 256 2486 Vix
277 2436 384 2488 manet
405 2449 421 2486 e
443 2436 511 2487 toto
531 2449 626 2508 parva
648 2429 731 2508 quod
754 2450 829 2489 urna
851 2429 944 2508 capit.

144 2587 235 2646 347.
255 2589 314 2645 Un
331 2587 438 2657 poete
458 2585 602 2644 celebre
621 2588 678 2644 les
697 2589 838 2646 talents
858 2587 1050 2658 poetiques

472 2677 517 2732 de
537 2688 604 2732 son
622 2677 720 2745 pere.
1147 2683 1148 2688 ’

133 2763 244 2839 (Poeta
262 2769 387 2844 patrem
409 2783 511 2836 suum,
535 2761 732 2822 carminibus
754 2769 871 2836 notnm,
895 2763 1057 2843 celebrat.)

94 2895 308 2974 Parthenopes
330 2895 451 2975 stupuit
471 2895 627 2973 primaeva
649 2895 686 2952 ad
708 2894 843 2954 carmina
865 2895 969 2974 plebes
1127 2901 1168 2967 2·

96 2992 233 3064 Euboea,
257 3000 288 3051 et
307 2992 387 3051 natis
409 2999 438 3050 te
460 3000 671 3050 monstravere
695 2998 848 3072 parentes
924 2994 926 2998 ’

98 3091 173 3148 lnde
194 3090 339 3170 frequens
360 3109 481 3168 pugnae
503 3088 650 3168 nulloque
672 3088 803 3166 ingloria
826 3109 912 3148 sacro

96 3187 167 3246 Vox
188 3193 242 3246 tua-
263 3185 444 3246 Romuleam
466 3185 593 3265 stirpem
616 3205 819 3265 proceresque
840 3185 962 3245 futuros

98 3282 240 3356 Instruit,
264 3283 358 3363 inque
380 3290 501 3362 patrum
523 3282 654 3360 vestigia
675 3282 786 3340 ducere
809 3290 935 3361 perstat.

98 3380 170 3438 Non
191 3377 250 3437 tibi
270 3385 440 3438 certassent
458 3377 609 3457 juvenilia
631 3378 746 3457 fingere
767 3379 858 3437 corda

97 3477 222 3547 Nestor,
246 3481 277 3534 et
298 3474 443 3548 indomiti
465 3475 597 3534 Phoenix
618 3475 940 3555 moderatorffalumni,

96 3571 221 3654 Quique
241 3573 334 3633 tubas
355 3592 439 3631 acres
460 3572 614 3651 lituosque
636 3572 744 3642 audire
764 3572 918 3632 volentem

100 3669 263 3730 Aeaciden
284 3668 349 3729 alio
370 3668 531 3746 frangebat
552 3669 686 3727 carmine
709 3668 835 3730 Chiron„
862 3683 866 3689 ·

100 3767 152 3826 Me
172 3787 300 3846 quoque
321 3765 443 3824 vocales
465 3765 550 3824 lucos
573 3766 748 3845 Bneotaquc
771 3775 872 3845 tempe

521 3907 680 3958 -an-
