2656 4258
621 179 670 216 Lus
691 179 800 216 FEMMES

212 288 360 362 nomenti,
375 309 413 347 ne
428 289 554 348 exuvias
566 289 658 349 alieni
671 290 790 369 capitis
802 291 930 348 forsitan
946 289 1109 361 immundi,
1122 289 1211 348 lorsi-

213 391 266 442 tan
286 384 424 444 nocentis
447 393 478 444 et
502 386 649 464 gehennae
675 387 831 459 destinati,
861 395 966 446 sancto
990 395 1020 446 et
1043 386 1211 445 christiano

147 511 151 522 ‹
212 481 307 562 capiti
319 482 502 561 supparetis,
517 482 615 541 lmmo
630 503 753 542 omnem
767 483 846 543 hanc
861 491 988 542 ornatus
1000 483 1211 542 servitutema

212 580 309 640 libero
330 583 429 663 capite
450 584 623 664 propellite.
650 584 772 644 Frustra
798 584 942 644 laboratis
962 587 1079 643 ornatae
1100 583 1211 656 videri,

212 677 325 738 frustra
339 680 540 758 peritissimos
553 701 692 760 quosque
707 689 874 740 structores
887 681 1075 761 capillaturae
1086 680 1214 740 adhibe·

212 774 262 846 tis.
280 775 363 835 Deus
376 797 431 835 vos
443 777 537 836 velari
548 777 648 857 jubet,
663 777 765 850 credo,
781 798 818 835 ne
834 777 1036 857 quarumdam
1051 777 1152 856 capita
1165 775 1213 833 vi-

212 871 352 933 deantur.
366 872 445 940 Quid
454 874 537 953 quod
548 873 688 952 quaedam
698 881 801 932 cutem
813 873 1068 932 medicaminibus
1079 879 1211 952 ungunt,

212 989 305 1046 genas
315 969 425 1027 rubore
439 969 603 1040 maculant,
615 971 721 1029 oculos
732 970 860 1048 fuligine
871 970 1046 1030 collinunt?
1062 969 1213 1052 Displicet

212 1065 356 1124 nimirum
366 1065 425 1124 illis
434 1066 560 1146 plastica
569 1066 628 1125 Dei
637 1086 643 1126 z
652 1067 683 1124 in
692 1067 766 1147 ipsis
774 1067 972 1146 redarguunt,
983 1065 1213 1146 reprehendunt

211 1161 359 1221 artificem
377 1162 526 1222 omnium.
544 1166 645 1241 Atque
659 1184 726 1241 ege,
744 1163 776 1222 in
793 1163 845 1222 illo
858 1164 907 1223 die
922 1163 1097 1222 christianae
1112 1161 1214 1220 exsul·

212 1258 348 1332 tationis,
363 1257 475 1317 videbo
489 1280 528 1318 an
548 1280 619 1318 cum
639 1281 761 1320 cerussa
778 1268 808 1319 et
821 1259 1001 1340 purpurisso
1014 1266 1044 1318 et
1058 1279 1161 1336 croco,
1182 1263 1216 1316 et'

212 1355 243 1412 in
259 1355 313 1413 illo
328 1355 446 1414 ambitu
461 1355 570 1435 capitis
586 1357 763 1434 resurgatis
782 1378 821 1416 an
839 1356 1094 1436 taliterexpictas
1110 1354 1212 1434 angeli

212 1451 243 1509 in
260 1451 371 1512 nebula
382 1452 545 1512 sublevent
559 1453 682 1512 obviam
697 1453 835 1514 Christo.

321 1673 402 1730 173.
423 1673 633 1730 Consetlsa
656 1687 725 1730 une
745 1687 862 1731 veuve
881 1672 1104 1731 chrettennc.

382 1775 444 1856 (Ad
464 1775 590 1848 viduam
611 1771 818 1837 christianam
839 1776 1043 1860 adhortatio.)

155 1928 196 1992 3Θ
251 1927 331 1986 Nolo
346 1926 458 1986 habeas
473 1927 627 1986 consortia
652 1935 872 1988 matronarum.
895 1928 1002 2008 Neque
1017 1947 1091 1986 vero
1107 1913 1217 1986 earum

211 2029 332 2082 tantum
357 2031 387 2082 te
414 2023 507 2102 cupio
538 2021 691 2081 declinare
720 2043 912 2101 congressus,
941 2044 1009 2104 quoe
1031 2023 1214 2084 maritorum

211 2120 358 2179 inllantur
373 2120 551 2192 honoribus,
571 2137 645 2200 quas
665 2119 877 2180 eunuchorum
895 2120 1002 2200 greges
1020 2120 1164 2200 saepiunt,
1182 2129 1214 2180 et

212 2217 243 2308 ip
258 2238 387 2296 quarum
402 2215 539 2274 vestibus
556 2223 715 2276 attenuata
730 2217 762 2274 in
778 2217 861 2276 filum
880 2217 945 2278 auri
961 2213 1082 2277 metalla
1102 2224 1215 2275 texun-

211 2323 271 2382 tur,
292 2313 345 2372 sed
362 2314 454 2371 etiam
470 2332 519 2372 eas
535 2312 608 2390 luge
628 2334 704 2392 quas
726 2313 835 2372 viduas
858 2314 1022 2374 necessitas
1041 2313 1125 2384 lecit,
1149 2333 1214 2374 non

214 2410 365 2469 voluntas.
381 2409 531 2467 Praecedit
543 2430 651 2468 caveas
664 2410 877 2474 basternarum
890 2411 965 2469 ordo
979 2409 1212 2480 semivirorum;

213 2505 300 2584 plena
315 2505 524 2565 adulatoribus
535 2505 655 2578 domus,
671 2505 758 2584 plena
771 2507 921 2567 convivis.
934 2507 1076 2584 Virgines
1088 2526 1215 2585 quoque

211 2613 242 2662 et
258 2603 376 2673 viduas,
386 2623 454 2682 quae
465 2603 572 2661 otiosae
587 2610 617 2660 et
630 2603 758 2661 curiosae
768 2603 876 2672 domos
891 2604 1082 2663 circumeunt
1097 2611 1214 2661 matro-

212 2721 330 2772 narum,
338 2720 418 2779 quae,
430 2699 539 2758 rubore
549 2698 658 2756 frontis
667 2699 806 2772 abstrito,
814 2699 1214 2779 parasitosvincuntmimo-

210 2817 290 2869 rum,
309 2816 440 2876 ¹quarum
465 2796 551 2854 lateri
569 2815 689 2874 semper
709 2795 846 2854 adhaeret
867 2805 1049 2877 procurator
1072 2795 1213 2857 calamis·

211 2903 320 2966 tratuS,
336 2894 381 2951 vel
394 2893 542 2951 candidus
560 2899 590 2950 et
605 2892 792 2951 rubicundus
810 2894 935 2967 assecla,
953 2894 1040 2974 quasi
1060 2891 1210 2972 quasdam

210 2995 311 3066 pestes
335 2987 442 3066 abjice.
464 2985 591 3043 Vetulas
613 2985 782 3062 praesertim
803 3007 819 3043 a
842 2993 872 3043 te
892 3005 1027 3059 remove,
1049 3003 1117 3064 quae
1135 3004 1211 3064 pur-

211 3084 330 3162 purisso
346 3092 375 3141 et
391 3081 574 3162 quibusdam
589 3081 668 3138 lucis
684 3101 736 3140 ora
751 3081 917 3161 oculosque
933 3082 1211 3161 depingunt;qua-

210 3200 277 3238 rum
295 3180 386 3239 iacies
398 3198 533 3257 gypseae,
550 3185 581 3235 et
591 3178 616 3235 si
632 3177 711 3236 forte
726 3178 908 3257 improvidis
924 3179 1116 3238 lacrimarum
1128 3177 1210 3237 stilla

208 3277 356 3356 eruperit,
373 3275 458 3335 sulco
475 3275 597 3347 delium
614 3295 689 3353 quas
706 3294 761 3332 nec
777 3297 921 3335 numerus
937 3293 1087 3334 annorum
1107 3283 1211 3354 potest

208 3374 320 3450 docere
341 3372 424 3452 quod
451 3371 561 3430 vetulae
586 3371 662 3444 sint,
686 3391 754 3450 quae
780 3371 898 3452 capillis
926 3372 1033 3432 alienis
1062 3371 1211 3431 verticem

116 3487 118 3496 ·
208 3477 345 3540 struunt,
356 3468 579 3547 etpraeteri'tam
589 3468 785 3548 juventutem
796 3469 827 3526 in
838 3469 922 3545 rugis
930 3469 1062 3527 anilibus
1071 3467 1210 3548 poliunt;

207 3561 421 3642 quaedenique
435 3569 506 3620 ante
524 3568 671 3639 nepotum
689 3582 812 3640 gregem
833 3569 999 3620 trementes
1019 3561 1211 3637 virgunculae

207 3664 449 3738 componuntur.
465 3657 533 3716 Sint
545 3657 602 3715 tibi
617 3659 707 3716 sociae
723 3680 798 3738 quas
806 3658 924 3738 jejunia
940 3665 1079 3730 tenuant,
1095 3657 1227 3735 quibus·

209 3753 309 3833 pallor
322 3755 353 3812 in
369 3753 446 3812 lac1e
462 3760 517 3813 est.
534 3755 633 3812 Rarus
646 3755 688 3812 sit
702 3775 841 3832 egressus
859 3755 889 3812 in
905 3755 1062 3834 publicum

611 3908 665 3926 ·-
686 3871 790 3938 iao-
