2670 4252
269 73 304 129 9.
323 76 354 130 A
373 74 523 130 ciceron
539 87 604 130 sur
623 76 663 131 la
681 77 776 131 mort
798 76 843 131 de
863 88 908 131 sa
925 76 1010 132 fille.

285 177 347 258 (Ad
368 177 548 238 Ciceronem
570 179 608 238 dc
630 187 727 239 morte
754 179 876 240 Tulliae
896 180 995 260 suae.)

177 354 224 412 Ex
239 353 311 413 Asia
324 355 456 427 rediens,
474 375 544 414 cum
569 355 607 415 ab
628 356 741 433 AEgina
761 357 920 433 Megaram
935 377 1041 415 versus
1056 355 1140 414 navi·
1167 357 1206 421 2⁸

136 472 253 528 gemm,
277 452 358 531 coepi
382 453 520 529 regiones
548 453 746 512 circumcirca
770 453 956 532 prospicere,
993 455 1068 512 Post
1092 473 1140 511 me

134 555 204 606 erat
230 548 353 626 AEgina‚
384 557 454 607 ante
479 570 527 608 me
553 550 689 628 Megara,
713 551 821 609 dextra
847 551 991 622 Piraeeus
1017 550 1140 609 sinistra

135 645 319 717 Corinthiae,
346 667 416 725 quae
447 646 563 725 oppida
589 647 724 726 quodam
755 655 894 726 tempore
925 647 1140 706 florentissima

135 743 274 814 luerunt,
293 763 375 801 nunc
391 751 544 821 prostrata
559 751 590 802 et
605 743 706 802 diruta
720 751 791 802 ante
805 743 910 803 oculos
916 743 1033 823 jacent.
1051 743 1140 823 Coepi

133 847 261 917 egomet
274 860 394 899 mecum
410 839 453 898 sic
467 841 623 926 cogitare:
648 865 662 896 ι(
681 842 777 900 Heml
794 849 851 899 'nos
869 840 1048 900 homunculi
1060 840 1141 899 indi-

134 957 279 1016 gnamur,
296 937 321 994 si
337 937 406 1015 quis
423 943 563 996 nostrum
585 937 703 997 interiit
722 945 774 997 aut
795 938 915 997 occisus
935 945 991 1011 est,
1010 958 1140 1017 quorum

132 1034 201 1092 vita
218 1034 343 1092 brevior
351 1055 415 1092 csse
424 1034 527 1105 debet,
540 1055 609 1092 cum
624 1054 685 1094 uno
698 1027 766 1095 loco
777 1043 824 1094 tot
834 1035 983 1114 oppidum
992 1035 1141 1094 cadavera

133 1131 276 1210 projecta
287 1131 412 1210 jacent?
427 1131 521 1188 Visne
537 1139 569 1190 tu
582 1139 622 1203 ῖθ,
641 1132 738 1204 Servi,
756 1116 902 1191 cohibere¹
917 1140 948 1191 et
967 1131 1141 1190 meminisse

133 1227 295 1286 hominem
312 1235 341 1285 te
356 1248 421 1286 esse
434 1229 562 1287 natum?
576 1253 589 1281 a
606 1227 704 1287 Crede
721 1229 805 1300 mihi,
820 1229 1007 1307 cogitatione
1027 1249 1061 1288 ea
1079 1249 1141 1288 non
1190 1250 1191 1258 ¹

133 1324 336 1382 mediocriter
358 1309 425 1383 sum
449 1325 658 1383 confirmatus.
683 1327 750 1384 Hoc
769 1326 862 1397 idem,
882 1325 906 1383 si
926 1326 981 1383 tibi
1007 1325 1139 1396 videtur,

132 1422 185 1480 sac
199 1428 272 1480 ante
289 1420 395 1480 oculos
409 1421 464 1479 tibi
480 1442 646 1501 proponas.
668 1423 763 1482 Modo
785 1443 846 1481 uno
864 1430 1003 1502 tempore
1022 1430 1070 1482 tot
1083 1421 1141 1479 viri

132 1511 298 1578 clarissimi
318 1518 513 1592 interierunt,
545 1519 583 1576 de
607 1519 740 1598 imperio
766 1519 871 1598 populi
899 1520 1031 1579 Romani
1057 1526 1142 1579 tanta

132 1615 309 1676 deminutio
326 1615 405 1674 lacta
420 1623 477 1688 est,
493 1636 598 1674 omnes
619 1617 786 1694 provinciae
807 1625 1019 1696 conquassatae
1042 1623 1114 1675 sunt
1133 1634 1139 1676 :

131 1715 166 1772 in
189 1712 283 1772 unius
309 1712 497 1770 mulierculae
523 1713 657 1771 animula
679 1713 703 1770 si
720 1713 842 1791 jactura
868 1714 949 1773 lacta
975 1721 1032 1786 θεῖ,
1055 1721 1142 1772 tanto

131 1830 228 1889 opere
254 1809 480 1868 commoveris?
497 1808 571 1874 Quae
591 1809 616 1866 si
633 1811 690 1868 boc
715 1817 852 1888 tempore
868 1831 931 1869 non
952 1811 1032 1869 diem
1053 1832 1141 1870 suum

131 1907 261 1979 obisset,
270 1905 376 1984 paucis
387 1913 458 1985 post
467 1906 554 1964 annis
566 1913 667 1964 tamen
677 1907 705 1964 ei
715 1907 908 1965 moriendum
919 1907 987 1978 fuit,
996 1909 1142 1988 quoniam

130 2005 230 2062 bomo
253 2009 327 2061 nata
351 2002 460 2061 fuerat.
490 2003 590 2061 Etiam
613 2010 647 2061 tu
664 2004 702 2062 ab
725 2004 808 2061 bisce
828 2004 919 2062 rebus
940 2005 1078 2062 animum
1104 2025 1140 2063 ac

130 2099 357 2178 cogitationem
386 2105 471 2157 tuam
498 2120 604 2171 avoca,
630 2108 723 2179 atque
752 2120 786 2159 ea
815 2101 918 2179 potius
947 2101 1142 2160 reminiscere

127 2214 212 2274 quae
237 2193 330 2270 digna
348 2200 402 2251 tua
431 2213 561 2272 persona
586 2199 680 2252 sunt:
705 2193 801 2266 illam,
831 2194 979 2272 quamdiu
1009 2195 1036 2252 ei
1064 2215 1142 2273 opus

128 2290 239 2360 luerit,
255 2289 381 2362 vixisse,
399 2310 541 2347 unacum
556 2289 714 2368 republica
730 2290 835 2360 fuisse,
852 2297 892 2360 te,
910 2297 1028 2369 patrem
1039 2311 1141 2360 suum,

127 2394 321 2467 praetorem,
335 2386 506 2456 consulem,
518 2395 664 2462 augurem
679 2387 805 2458 vidisse,
822 2386 1072 2445 adulescentibus
1083 2387 1144 2466 pri-

126 2484 239 2542 mariis
257 2491 386 2562 nuptam
403 2483 508 2550 luisse,
525 2503 593 2540 cum
609 2483 782 2561 respublica
796 2483 950 2541 occideret
966 2485 1029 2542 vita
1040 2505 1144 2541 exces-

125 2582 206 2639 sisse
224 2599 231 2640 :
251 2579 326 2659 quid
340 2586 397 2652 θεῖ,
413 2579 497 2658 quod
515 2585 546 2636 tu
567 2587 620 2636 aut
633 2579 684 2637 illa
707 2601 777 2637 cum
791 2579 917 2638 fortune
940 2581 998 2638 hoc
1016 2580 1141 2638 nomine

124 2677 219 2758 queri
236 2677 384 2755 possitis?

334 2815 390 2871 10.
412 2816 482 2872 Sur
495 2815 535 2870 la
556 2815 652 2870 mort
668 2815 752 2869 d'uu
786 2814 898 2870 frere.
920 2809 923 2814 '

458 2919 523 3000 (De,
535 2925 631 2978 morte
651 2917 789 2999 fratria.)

153 3089 218 3151 Hei
242 3087 356 3146 misero
379 3087 465 3147 lratri
484 3086 657 3166 jucundum
680 3087 783 3145 lumen
806 3087 1007 3166 ademptuml

196 3187 312 3244 Tecum
336 3205 397 3244 una
418 3191 484 3243 tota
506 3191 551 3243 est
574 3191 678 3242 nostra
701 3183 821 3262 sepulta
844 3184 967 3243 domus.

148 3281 271 3344 Omnia
291 3289 394 3354 tecum
417 3281 659 3359 unaperierunt
682 3281 793 3358 gaudia
817 3289 932 3354 nostra,

196 3380 274 3447 Quae
295 3385 368 3437 tuus
390 3379 420 3436 in
444 3379 507 3437 vita
530 3377 629 3436 dulcis
651 3377 754 3436 alebat
775 3398 873 3437 amor.

149 3479 259 3546 Quem
280 3496 362 3534 nunc
385 3483 445 3534 tam
468 3475 562 3553 longe
585 3495 646 3532 non
671 3474 750 3532 inter
774 3483 847 3533 nota
870 3475 1009 3554 sepulcra

197 3573 264 3631 Nec
278 3592 381 3651 ,prope
404 3581 551 3649 cognatos
580 3571 787 3650 compositum
810 3572 938 3643 cineres,

149 3669 221 3729 Sed
244 3668 336 3748 Troja
357 3669 500 3743 obscena,
524 3668 624 3749 Troja
647 3667 769 3725 infelice
790 3669 944 3746 sepultum

566 3845 687 3895 -7-
