2656 4258
312 203 427 269 soenes
451 245 490 256 -
511 211 668 271 retenens,
691 245 730 258 -
749 233 937 274 arraancrus.
960 245 999 258 -·
1020 234 1160 272 esctaves

239 359 302 398 non
326 340 428 420 plures
452 341 479 401 ei
504 343 721 403 manumittere
753 343 944 423 permittitur
972 359 1067 424 'quam
1095 345 1235 424 quintam

241 444 374 515 partem;
404 458 503 518 neque
536 439 639 519 plures
668 447 884 513 numerantur;
912 439 966 499 sed
995 441 1167 520 praescribit
1187 440 1236 498 lex
1297 439 1298 478 t

182 601 184 604 Ι
240 554 278 592 ne
299 533 349 593 cui
372 533 474 615 plures
495 537 710 596 manumittere
730 536 821 596 liceat
838 558 930 618 quam
950 545 1085 597 centum.
1105 537 1194 605 Quod
1210 537 1236 595 si

238 629 309 709 quis
324 651 419 689 unum
435 653 558 692 servum
575 633 701 708 omnino
717 641 771 693 aut
784 633 862 693 duos
874 632 977 702 habet.
994 633 1032 693 ad
1046 632 1126 692 hanc
1138 631 1237 712 legem

240 746 301 785 non
316 727 468 806 pertinet3
483 736 514 788 et
527 729 597 788 ideo
614 728 741 805 liberam
761 729 854 788 habet
872 737 1055 810 potestatem
1070 730 1238 788 manumit-
1298 743 1299 758 *

239 822 335 883 tendi.
349 826 395 884 Ac
408 845 464 884 uec
483 826 522 884 ad
541 846 593 886 eos
606 826 730 906 quidem
751 826 878 885 omnino
894 825 961 886 haec
974 826 1023 885 lex
1034 825 1171 906 pertinet
1184 826 1238 905 qui
1298 811 1299 818 ἵ

239 917 305 977 sine
315 925 500 979 testamento
512 922 736 981 manumittunt
748 940 755 982 ε
769 919 874 1002 itaque
888 919 961 981 licet
972 921 1010 980 iis
1024 921 1077 1012 qui
1087 919 1237 992 vindicta,

239 1022 293 1074 aut
306 1036 410 1090 censu,
427 1024 481 1076 aut
494 1017 575 1077 inter
590 1018 705 1077 amicos
724 1019 958 1090 manumittunt,
975 1025 1072 1078 totam
1090 1017 1238 1078 familiam

239 1131 325 1172 suam
345 1112 487 1184 liberare,
504 1114 623 1174 scilicet
639 1115 665 1172 si
683 1114 742 1174 alia
761 1135 853 1174 causa
872 1135 934 1174 non
951 1114 1101 1195 impediat
1117 1113 1241 1172 liberta·
1299 1145 1300 1162 ι

239 1213 312 1267 tem.

267 1498 326 1558 97.
346 1485 433 1557 utun
453 1502 519 1558 des
539 1499 654 1558 ediles
675 1514 741 1558 sur
759 1502 799 1558 la
816 1503 925 1558 vente
946 1503 1011 1558 des
1029 1500 1214 1559 esclaves.
1300 1475 1301 1530 i

343 1647 519 1730 (AEdilium
539 1647 676 1710 edictum
697 1649 736 1709 de
756 1669 916 1710 servorum
938 1646 1139 1730 venditione.)

173 1859 231 1923 ³⁰-
281 1859 379 1927 «Qui
408 1859 560 1941 mancipia
586 1861 736 1932 vendunt,
767 1861 913 1920 certiores
941 1859 1056 1919 faciant
1087 1865 1243 1938 emptores
1301 1859 1302 1864 ’

241 1954 315 2037 quid
337 1958 436 2016 morbi
460 1957 568 2017 vitiive
588 1958 700 2038 cuique
722 1957 773 2031 sit,
796 1957 864 2037 quis
885 1957 1034 2034 fugitivus
1059 1975 1169 2014 errove
1190 1955 1240 2022 sit„

241 2073 360 2112 noxave
384 2055 502 2112 solutus
521 2076 584 2113 non
606 2055 666 2116 sit:
687 2075 785 2134 caque
801 2053 916 2125 omnia,
941 2073 1011 2112 cum
1034 2073 1067 2111 ea
1088 2051 1242 2130 mancipia

241 2157 387 2223 veneunt,
411 2150 510 2229 palam
533 2158 615 2210 recte
640 2152 874 2230 pronuntiante.
898 2148 987 2216 Quod
1006 2150 1031 2208 si
1054 2147 1242 2228 mancipium
1302 2165 1303 2194 1

241 2246 388 2306 adversus
405 2267 440 2306 ea
458 2248 603 2321 venisset,
620 2248 753 2327 emptori
769 2247 973 2325 omnibusque
991 2245 1029 2304 nd
1041 2264 1119 2325 quos
1138 2265 1172 2302 ea
1196 2264 1245 2301 res

242 2345 376 2423 pertinet
385 2343 539 2424 judicium
553 2344 704 2414 dabimus
720 2350 755 2402 ut
774 2343 805 2402 id
822 2343 1012 2422 mancipium
1031 2340 1242 2401 redhibeatur.

241 2439 273 2497 Si
295 2440 369 2519 quid
389 2448 491 2499 autem
508 2448 580 2520 post
595 2440 806 2501 venditionem
826 2439 1088 2518 traditionemque
1108 2437 1245 2496 deterius

241 2537 389 2616 emptoris
408 2557 513 2617 opera,
536 2537 662 2596 familiae
682 2535 930 2617 procuratorisve
950 2535 1017 2614 ejus
1035 2534 1152 2598 'iactum
1172 2533 1244 2596 erit.

241 2634 306 2692 sive
319 2633 393 2713 quid
408 2655 446 2692 ex
459 2655 495 2693 eo
510 2641 581 2714 post
592 2633 804 2700 venditionem
815 2639 921 2690 natum
936 2631 1123 2711 acquisitum
1136 2629 1243 2698 fuerit,

241 2737 273 2790 et
285 2730 311 2789 si
324 2730 399 2810 quid
414 2730 497 2789 aliud
509 2731 541 2788 in
558 2729 736 2789 venditione
751 2729 779 2787 ei
794 2729 966 2800 accesserit,
990 2728 1055 2786 sive
1070 2726 1145 2807 quid
1159 2747 1196 2784 ex
1208 2746 1245 2784 ea

242 2849 273 2886 re
288 2828 408 2887 fructus
428 2828 603 2906 pervenerit
615 2827 653 2886 ad
667 2832 848 2905 emptorem,
864 2832 900 2884 ut
915 2845 948 2883 ea
969 2824 1244 2884 omnia'restituat.

242 2925 320 2983 item
338 2925 363 2982 si
381 2945 456 3004 quas
469 2923 658 2981 accessiones
673 2923 738 3002 ipse
749 2921 939 3002 praestiterit,
960 2928 993 2980 ut
1007 2921 1146 2999 recipiat.
1165 2921 1245 2980 Item

241 3020 361 3102 siquod
377 3019 564 3098 mancipium
578 3019 718 3078 fraudem
738 3018 901 3097 capitalem
918 3016 1076 3076 admiserit
1095 3016 1247 3075 mortisve

241 3116 469 3178 consciscendae
489 3111 546 3174 sibi
565 3136 654 3174 causa
676 3115 750 3195 quid
766 3114 883 3187 fecerit,
910 3113 981 3172 inve
1001 3133 1125 3172 arenam
1147 3112 1246 3192 depu-

242 3213 357 3292 gnandi
378 3233 469 3272 causa
484 3211 522 3270 ad
542 3212 654 3270 bestias
679 3211 890 3269 intromissum
912 3209 1015 3282 suerit,
1035 3229 1069 3268 ea
1089 3209 1195 3268 omnia
1214 3209 1246 3266 in

242 3311 421 3372 venditione
448 3308 686 3388 pronuntianto;
715 3329 751 3366 ex
778 3307 825 3366 his
851 3307 933 3366 enim
967 3307 1066 3365 causis
1090 3306 1247 3387 judicium

241 3408 396 3468 dabimus.
423 3408 491 3465 Hoc
515 3405 656 3484 amplius,
678 3405 703 3462 si
731 3404 800 3484 quis
822 3404 968 3463 adversus
989 3425 1024 3463 ea
1049 3403 1152 3462 sciens
1173 3403 1248 3462 dolo

242 3503 323 3564 malo
336 3502 514 3562 vendidisse
531 3502 660 3574 dicetur,
675 3500 827 3580 judicium
841 3501 994 3560 dabimus.
1016 3523 1031 3556 v
