2678 4250
209 179 318 238 Petisia.
334 214 374 223 ··-
388 184 502 239 PODTES.
519 216 558 226 ·-
571 185 746 248 E'LOQUENCE.
762 219 801 228 ···
814 205 975 244 onerabas,
1001 219 1042 232 ·-
1061 188 1213 245 nfldnnuns

380 383 464 442 373.
484 386 582 443 Mort
598 387 642 441 de
662 386 842 444 l’orateur
860 388 1031 446 crassus.

469 489 524 567 (De
546 498 643 549 morte
665 489 774 550 Crassi
793 491 951 572 oratoris.)

142 649 198 708 uh.
256 644 297 703 Ut
313 647 449 706 ·Romam
469 648 597 718 Crassus
615 649 715 719 rediit,
735 649 934 710 vehementer
955 658 1127 710 commotus
1140 671 1215 710 ora·

213 741 297 801 tione
306 763 351 814 ea,
362 764 439 823 quae
452 745 608 804 terebatur
622 745 727 804 habita
742 767 808 804 esse
825 747 856 804 in
871 747 1015 806 contione
1028 768 1044 805 a
1061 747 1209 828 Philippo

211 839 348 912 consule,
381 861 471 920 quem
505 841 617 904 dixisse
644 842 806 902 constabat
829 843 1022 902 «videndum
1056 843 1113 902 sibi
1143 865 1214 904 esse

210 936 295 995 aliud
313 938 493 998 consilium:
509 939 561 998 illo
575 947 682 998 senatu
707 961 738 998 se
769 939 989 1020 rempublicam
1016 961 1120 1020 gerere
1146 961 1213 1000 non

211 1053 342 1112 posse»,
376 1055 464 1094 mane
490 1037 595 1094 Idibus
618 1037 850 1115 Septembribus
928 1045 959 1096 et
987 1037 1038 1096 ille
1065 1043 1096 1096 et
1122 1058 1214 1096 sena-

210 1138 260 1188 tus
284 1130 428 1210 frequens
467 1141 579 1191 vocatu
607 1133 698 1191 Drusi
732 1134 764 1191 in
802 1134 916 1192 curiam
942 1135 1039 1194 venit.
1063 1134 1109 1192 lbi
1138 1155 1212 1192 cum

211 1226 329 1285 Drusus
366 1229 461 1288 multa
497 1229 535 1287 de
573 1229 717 1309 Philippo
747 1238 875 1310 questus
905 1238 994 1301 esset,
1023 1229 1143 1290 rettulit
1170 1232 1213 1290 ad

168 1328 181 1359 ·’
208 1332 348 1384 senatum
371 1324 408 1383 de
431 1325 483 1385 illo
498 1327 576 1405 ipso,
605 1328 687 1406 quod
718 1328 750 1384 in
774 1348 843 1386 eum
868 1328 1007 1386 ordinem
1023 1327 1213 1388 consultam

208 1421 345 1498 graviter
364 1421 394 1480 in
422 1424 566 1482 contione
593 1432 673 1482 esset
697 1425 848 1483 invectus.
883 1425 952 1498 Hic,
973 1432 1005 1483 ut
1021 1446 1101 1504 saepe
1129 1425 1214 1484 inter

210 1517 349 1577 homines
379 1520 623 1599 sapientissimos
642 1516 789 1580 'constare
826 1521 900 1596 vidi,
933 1543 1117 1601 quamquam
1151 1521 1212 1582 hoc

209 1615 331 1688 Crass0,
370 1638 439 1674 cum
473 1617 588 1696 aliquid
618 1619 790 1677 accuratius
821 1619 957 1689 dixisset,
995 1639 1116 1698 semper
1146 1619 1212 1678 tere

208 1711 375 1790 contigisse
411 1721 445 1772 ut
467 1735 633 1794 numquam
656 1715 769 1774 dixisse
793 1715 903 1774 melius
918 1723 1088 1795 putaretur,
1106 1723 1210 1774 tamen
1265 1761 1270 1769 .

208 1809 347 1868 omnium
380 1832 531 1869 consensu
562 1812 606 1869 sic
634 1833 699 1870 esse
730 1820 795 1870 tum
819 1811 1002 1892 judicatum,
1037 1819 1155 1871 ceteros
1193 1835 1210 1871 a

209 1907 321 1965 Crasso
349 1928 470 1986 semper
494 1928 611 1980 omnes,
633 1909 686 1966 illo
708 1916 810 1968 autem
827 1909 874 1968 die
898 1909 987 1968 etiam
1009 1910 1110 1988 ipsum
1137 1930 1154 1968 a
1177 1930 1210 1968 se

208 2013 397 2082 superatum.
415 2004 595 2084 Deploravit
610 2005 689 2062 enim
709 2025 812 2063 casum
831 2012 922 2086 atque
939 2006 1101 2065 orbitatem
1121 2027 1210 2064 sena-

209 2108 268 2173 tus,
290 2101 378 2180 cujus
398 2101 513 2159 ordinis
535 2123 551 2160 a
577 2102 713 2174 consule,
735 2103 787 2180 qui
803 2102 888 2181 quasi
910 2123 1019 2181 parens
1035 2102 1134 2162 bonus
1156 2110 1210 2162 aut

210 2203 294 2256 tutor
318 2197 417 2255 fidelis
443 2219 507 2256 esse
535 2198 668 2269 deberet,
703 2207 858 2278 tamquam
888 2199 925 2257 ab
958 2199 1061 2278 aliquo
1090 2200 1208 2258 nelarie

209 2294 362 2372 praedone
377 2295 565 2374 diriperetur
583 2295 803 2374 patrimonium
819 2295 993 2372 dignitatis,
1012 2316 1111 2375 neque
1134 2316 1208 2354 vero

208 2411 273 2448 esse
292 2391 475 2462 mirandum,
494 2392 529 2461 si,
547 2412 616 2450 cum
630 2392 692 2450 suis
701 2392 837 2450 consiliis
852 2414 916 2451 rem
929 2393 1080 2472 publicam
1097 2392 1205 2470 protli-

208 2496 320 2565 gasset,
343 2489 504 2546 consilium
519 2496 671 2547 senatusa
687 2489 842 2568 republica
859 2490 1045 2568 repudiaret.
1062 2489 1121 2546 Hic
1137 2509 1205 2547 eum

209 2585 325 2643 homini
338 2593 368 2644 et
385 2584 559 2644 vehementi
578 2593 609 2642 et
623 2585 738 2643 diserto
751 2587 824 2644 etin
842 2587 948 2666 primis
966 2586 1037 2644 lorti
1058 2585 1095 2644 ad
1119 2585 1206 2643 resis-

209 2681 505 2760 tendum,Philippo‚
526 2681 612 2760 quasi
632 2683 779 2761 quasdam
806 2684 970 2742 verborum
995 2683 1075 2742 laces
1100 2683 1205 2740 admo-

207 2779 311 2849 visset,
337 2798 400 2836 non
418 2777 488 2836 tulit
516 2778 566 2836 ille
595 2785 625 2836 et
654 2779 788 2856 graviter
816 2781 938 2853 exarsit,
963 2779 1204 2859 pignoribusque

206 2875 327 2946 ablatis,
356 2875 499 2934 Crassum
522 2875 657 2934 instituit
676 2897 827 2934 coercere.
852 2877 919 2943 Quo
939 2877 1061 2955 quidem
1087 2875 1204 2955 inipso

205 2974 274 3034 loco
289 2973 384 3032 multa
399 2994 414 3030 a
432 2972 541 3030 Crasso
557 2972 707 3030 divinitus
727 2973 808 3032 dicta
833 2995 897 3032 esse
921 2973 1108 3044 serebantur,
1135 2992 1202 3030 eum

205 3070 264 3129 sibi
292 3070 377 3128 illum
403 3069 559 3127 consulem
584 3090 649 3127 esse
670 3077 805 3146 negaret,
825 3070 875 3128 cui
902 3077 1026 3128 senator
1053 3070 1118 3149 ipse
1143 3089 1203 3127 non

203 3174 298 3226 esset:
316 3193 329 3220 ι(
346 3170 393 3224 An
407 3174 451 3236 tu,
466 3187 534 3224 cum
553 3187 675 3224 omnem
701 3167 914 3225 auctoritatem
937 3167 1072 3225 universi
1087 3165 1203 3224 ordinis

205 3284 260 3341 pro
273 3263 401 3342 pignore
414 3263 531 3341 putaris
552 3283 680 3341 eamque
701 3263 732 3320 in
753 3271 919 3342 conspectu
943 3262 1050 3342 populi
1071 3261 1202 3322 Romani

202 3359 383 3431 concideris,
402 3380 449 3417 me
463 3358 509 3415 his
528 3359 684 3417 existimas
700 3359 880 3438 pignoribus
901 3360 1033 3418 terreri?
1056 3360 1126 3418 Non
1147 3357 1202 3418 tibi

203 3456 254 3514 illa
276 3464 348 3515 sunt
372 3455 526 3523 eaedenda,
548 3455 570 3512 si
592 3456 625 3512 L.
644 3455 788 3514 Crassum
806 3457 854 3515 vis
869 3477 1008 3515 coercere
1033 3476 1043 3516 .·
1059 3456 1127 3515 haee
1147 3451 1205 3514 tibi·

201 3560 249 3611 est
272 3552 434 3610 incidenda
453 3552 568 3629 lingua,
583 3573 641 3630 qua
661 3553 709 3610 vel
741 3553 846 3612 evulsa
872 3552 983 3632 spiritu
1008 3553 1076 3633 ipso
1100 3551 1201 3611 libidi-

171 3715 172 3720 ,
202 3670 271 3707 nem
286 3655 368 3706 tuam
386 3649 510 3706 libertas
532 3669 599 3706 mea
623 3649 812 3707 refutabit.»
837 3650 892 3709 llla
913 3657 1068 3730 tamquam
1089 3669 1200 3730 cycnea

167 3784 172 3794 ·
201 3745 261 3802 fuit
276 3744 373 3802 divini
390 3744 523 3802 hominis
537 3764 597 3802 vox
613 3752 643 3802 et
660 3745 770 3804 orati0.

621 3930 780 3981 -aal-
