2670 4252
275 186 390 225 sontes.
413 199 452 210 -—
473 168 631 224 patenas.
654 197 693 208 -
713 184 902 222 srrnsncms.
924 197 964 206 -
985 183 1127 222 sscmvcs
1164 199 1166 204 ·

241 297 378 376 Exiguis
402 298 477 357 trito
499 305 530 356 et
551 296 670 355 ducunt
690 295 836 375 epiraedia
857 295 936 354 collo

186 402 188 405 '
240 394 439 474 Segnipcdcs,
464 393 611 472 dignique
633 393 745 452 molam
768 412 890 451 versare
912 393 1049 470 nepotes.

241 491 332 568 Ergo,
356 498 390 549 ut
412 491 559 548 miremur
580 497 621 562 te,
646 511 706 548 non
730 498 794 562 tua,
818 489 940 568 privum
975 487 1093 567 aliquid
1115 486 1154 547 da

240 587 328 655 Quod
351 588 465 666 possim
488 587 588 646 titulis
610 586 756 660 incidere,
781 591 894 665 praeter
915 584 1047 644 honores

240 683 323 751 Quos
345 684 404 742 illis
425 683 534 742 damus
557 691 587 741 et
609 683 749 742 dedimus
771 681 882 762 quibus
904 683 1006 740 omnia
1028 681 1132 742 debes.

177 783 180 786 ’
243 781 314 840 Esto
336 781 435 839 bonus
457 781 555 850 milae,
579 787 665 840 tutor
686 779 795 850 bonne,
820 779 933 837 arbiter
955 779 1033 838 idem

241 879 372 956 Integer.
394 877 557 954 Ambiguae
580 877 604 933 si
627 876 751 955 quando
773 875 905 933 citabere
929 875 1016 934 testis

242 976 430 1054 lncertaeque
453 975 508 1043 rei,
534 972 670 1032 Phalaris
692 972 764 1031 licet
786 972 918 1051 imperet
941 979 976 1030 ut
997 973 1038 1030 sis

242 1072 357 1145 Falsus,
382 1079 413 1130 et
433 1071 558 1129 admoto
580 1070 676 1128 dictet
697 1067 832 1148 perjuria
856 1077 955 1138 tauro,

241 1170 400 1226 Summum
422 1165 511 1225 crede
534 1167 619 1224 nefas
642 1166 774 1224 animam
798 1166 942 1244 pr'aelerre
964 1165 1085 1244 pudori,

242 1265 280 1324 Et
300 1270 427 1344 propter
447 1263 546 1341 vitam¹
564 1261 690 1320 vivendi
712 1263 840 1342 perdere
862 1283 980 1322 causas.

201 1494 259 1552 78.
275 1490 456 1549 Labe'rtus
471 1504 512 1548 se
531 1492 651 1561 plaint
670 1491 787 1548 d’etre
807 1491 927 1564 obttge
942 1507 1014 1563 par
1028 1491 1145 1552 Ce'sar
1157 1495 1204 1550 de

489 1581 633 1637 monter
648 1593 714 1637 sur
733 1580 773 1638 la
792 1581 911 1638 scene.

280 1679 445 1761 (Laberius
467 1701 484 1739 a
508 1679 640 1740 Caesare
661 1701 804 1740 scaenam
822 1680 952 1762 prodire
974 1680 1121 1763 capitur.)

135 1816 176 1882 2⁰
241 1821 424 1893 Necessitas,
448 1821 537 1900 cujus
559 1842 666 1879 cursus
689 1823 853 1880 transversi
877 1822 1026 1901 impetum

241 1919 414 1978 Voluerunt
434 1919 523 1976 multi
546 1919 689 1995 effugere,
713 1919 801 1997 pauci
823 1927 1002 1998 potuerunt,

241 2015 308 2083 Quo
331 2035 379 2073 me
400 2014 557 2073 detrusisti
580 2035 666 2094 paene
689 2015 832 2074 extremis
855 2016 1014 2076 sensibus!

240 2113 338 2179 Quem
360 2111 443 2170 nulla
466 2111 602 2184 ambitio,
627 2112 711 2186 nulla
733 2133 877 2192 umquam
901 2113 1034 2190 largitiO,

241 2209 351 2268 Nullus
374 2209 475 2282 timor,
500 2210 546 2266 vis
568 2209 662 2282 nulla,
688 2209 771 2268 nulla
793 2209 960 2268 auctoritas

240 2305 367 2364 Movere
388 2306 491 2385 potuit
512 2306 542 2363 in
562 2306 692 2385 juventa
716 2307 754 2366 de
776 2315 869 2378 statu,

242 2403 319 2461 Ecce
340 2403 372 2460 in
394 2412 515 2461 senecta
538 2411 572 2461 ut
594 2403 683 2462 facile
705 2399 848 2462 labefecit
868 2403 937 2461 loco

240 2499 305 2556 Viri
328 2499 504 2557 excellentis
526 2507 628 2558 mente
651 2500 800 2559 clemente
822 2500 904 2557 edita
948 2528 951 2533 ·

240 2597 397 2656 Submissa
419 2596 538 2675 placide
560 2596 796 2677 blandiloquens
814 2597 932 2655 oratio!

241 2693 360 2752 Etenim
382 2693 439 2772 ipsi
462 2693 492 2750 di
512 2715 622 2772 negare
644 2694 694 2752 oui
717 2693 759 2751 nil
783 2701 960 2772 potuerunt,

244 2791 407 2849 Hominem
429 2810 477 2848 me
500 2792 650 2868 denegare
673 2790 741 2869 quis
762 2800 868 2869 posset
888 2791 977 2870 pati?

242 2888 317 2966 Ego,
341 2886 386 2944 bis
409 2887 533 2945 tricenis
556 2888 642 2946 annis
666 2887 743 2945 actis
765 2888 828 2945 sine
851 2895 935 2961 nota,

242 2985 342 3064 Eques
364 2983 523 3042 Romanus
545 3005 561 3042 a
583 2984 645 3043 lare
668 3005 807 3061 egressus
829 3005 908 3057 meo,
988 2967 990 2974 ,

242 3081 375 3139 Domum
398 3087 534 3138 revertar
555 3081 676 3139 mimus,
704 3081 854 3138 Nimirum
877 3080 935 3139 hoc
958 3081 1007 3140 die

243 3178 311 3236 Uno
333 3176 402 3256 plus
424 3176 488 3234 vixi
511 3177 585 3234 mihi
608 3198 699 3256 quam
722 3171 887 3235 vivendum
913 3178 980 3236 suit.

242 3273 387 3343 Fortuna,
412 3273 613 3332 immoderata
641 3274 672 3330 in
701 3274 781 3332 bono
810 3295 896 3352 aeque
925 3267 1017 3353 alque
1046 3275 1075 3334 in
1106 3277 1190 3336 malo

240 3369 272 3428 Si
294 3368 349 3428 tibi
372 3378 437 3429 erat
459 3370 579 3429 libitum
602 3371 772 3429 litterarum
797 3371 939 3429 laudibus

242 3467 367 3525 Florens
390 3487 536 3526 cacumen
559 3475 671 3525 nostrae
693 3469 782 3526 lamae
805 3469 955 3546 frangere,

241 3563 394 3622 Curcum
417 3564 558 3642 vigebam
581 3563 724 3622 membris
745 3565 1029 3643 praeviridantibus,

240 3660 422 3719 Satislaccre
445 3661 560 3740 populo
583 3667 613 3719 et
634 3660 687 3718 tali
710 3680 778 3719 cum
803 3670 938 3740 poteram
962 3665 1042 3737 vim,

241 3757 309 3816 Non
333 3777 381 3815 me
403 3758 566 3817 flexibilem
590 3758 786 3817 concurvasti
809 3767 844 3818 ut
865 3761 1033 3840 carperes?

1194 3327 1204 3354 9
