2656 4258
259 271 263 277 Δ
320 193 403 251 202.
440 195 615 262 Voyages
643 193 829 248 iastueux.

333 297 388 377 (De
413 295 602 380 sumptuosis
629 294 820 376 itineribus.)

123 457 228 518 Omnes
247 456 311 536 jam
332 455 375 514 sic
395 455 631 534 peregrinantur
649 461 684 512 ut
703 453 772 524 illos
785 454 988 513 Numidarum
1002 473 1079 532 prae-
1109 445 1149 508 3¹³

87 562 181 612 currat
191 553 357 633 equitatus,
371 559 405 610 ut
423 571 530 628 agmen
549 571 710 610 cursorum
728 550 910 610 antecedat:
927 559 1017 629 turpe
1032 557 1080 608 est

86 649 178 709 nullos
191 669 257 708 esse
276 649 329 729 qui
350 655 548 708 occurrentes
570 648 619 706 via
640 647 799 727 dejiciant,
818 655 872 705 aut
892 647 944 727 qui
968 647 1079 704 hones·

85 757 146 805 tum
164 745 317 804 hominem
342 745 448 803 venire
470 764 582 822 magno
610 744 738 823 pulvere
765 743 941 802 ostendant.
966 743 1079 801 Omnes

17 841 18 844 ’
79 843 141 923 jam
159 842 256 901 mulos
273 842 398 913 habent,
423 841 474 921 qui
494 840 673 920 crystallina
693 847 724 900 et
756 839 895 900 murrina
924 847 954 899 et
972 838 1079 898 caelata

15 971 16 974 ¹
83 958 258 1018 magnorum
277 938 430 997 artificum
450 958 542 996 manu
565 944 711 1016 portent:
736 945 826 1016 turpe
853 943 899 995 est
917 935 1013 994 videri
1029 955 1081 994 eas

14 1073 15 1114 3
82 1035 232 1096 tehabere
251 1035 384 1093 sarcinas
408 1042 499 1104 totas,
521 1053 589 1114 quae
613 1041 680 1092 tuto
705 1033 829 1092 concuti
852 1033 983 1113 possint.
1008 1032 1080 1090 Om-

14 1117 16 1186 ἷ
81 1134 165 1192 nium
178 1131 356 1211 paedagogia
371 1131 467 1189 oblita
482 1130 560 1189 facie
575 1131 742 1196 vehuntur.
766 1151 804 1188 ne
819 1129 875 1202 sol,
890 1149 967 1187 neve
982 1128 1081 1205 frigus

13 1215 14 1274 ἦ
81 1237 213 1287 teneram
226 1235 326 1286 cutem
341 1227 432 1286 laedat
446 1245 452 1286 :
468 1235 557 1308 turpe
571 1234 618 1286 est
632 1227 786 1285 neminem
803 1247 869 1285 esse
884 1227 915 1284 in
931 1225 1079 1284 comitatu

79 1345 254 1405 puerorum,
281 1323 370 1404 cujus
385 1345 457 1382 sana
476 1323 569 1382 iacies
587 1323 846 1382 medicamentum
859 1321 1024 1382 desideret.
1039 1324 1080 1380 At

12 1409 13 1440 l
78 1421 202 1480 hercule
217 1419 261 1480 M.
278 1420 356 1479 Cato
378 1419 544 1478 Censorius
559 1420 694 1478 canterio
715 1420 896 1491 vehebatur,
920 1429 951 1477 et
971 1419 1082 1498 hippo-

76 1518 161 1596 peris
174 1516 298 1597 quidcm
318 1516 481 1596 impositis,
500 1523 534 1574 ut
548 1535 651 1574 secum
670 1515 757 1574 utilia
778 1522 927 1595 portaret.
947 1514 1080 1595 Oquam

10 1650 11 1654 .
74 1634 222 1695 cuperem
247 1615 290 1672 illi
312 1633 395 1671 nunc
418 1632 581 1670 occurrere
603 1612 735 1692 aliquem
762 1634 798 1671 ex
821 1614 868 1670 his
888 1613 1027 1672 trossulis
1051 1614 1081 1671 in

10 1743 11 1748 .
72 1713 123 1771 via
150 1730 291 1768 cursores
322 1717 353 1768 et
382 1708 532 1767 Numidas
563 1715 593 1767 et
626 1710 757 1768 mulium
788 1718 860 1768 ante
886 1729 918 1767 se
946 1708 1083 1789 pulveris

71 1797 280 1877 agentemlO
312 1805 463 1877 quantum
498 1806 563 1857 erat
592 1798 695 1857 saeculi
723 1799 827 1870 decus,
859 1799 1078 1879 imperatorem

70 1891 303 1972 triumphalem,
329 1895 513 1968 censorium,
540 1902 581 1969 et,
604 1887 686 1974 quod
704 1915 797 1974 super
817 1896 919 1953 omnia
943 1897 1077 1968 haecest,

70 1991 237 2062 Catonem,
255 2011 315 2048 uno
333 1990 450 2049 caballo
465 2013 530 2050 esse
538 1999 731 2064 contentum,
748 1999 778 2050 et
789 2013 826 2050 ne
842 1999 909 2050 toto
928 1993 1051 2073 quidem
1070 1995 1077 2051 l

67 2094 195 2167 partem
207 2086 288 2144 enim
302 2087 428 2146 sarcinae
445 2087 482 2145 ab
498 2096 629 2169 utroque
645 2088 739 2147 latere
761 2088 974 2167 dependentes
990 2109 1080 2148 occu-

66 2184 201 2264 pabant.
226 2183 271 2242 Ita
295 2203 356 2241 non
376 2184 519 2243 omnibus
545 2185 646 2244 obesis
671 2185 790 2243 mannis
809 2193 840 2244 et
861 2185 1079 2244 asturconibus

65 2289 98 2340 et
111 2279 271 2339 tolutariis
284 2280 445 2360 praelerres
457 2282 581 2340 unicum
600 2282 685 2340 illum
704 2303 817 2362 equum
828 2281 866 2340 ab
880 2282 947 2362 ipso
962 2281 1079 2341 Catone

63 2376 263 2435 defrictum?

235 2613 318 2672 203.
344 2617 395 2672 De
415 2614 454 2672 la
476 2615 672 2685 simplicite
700 2629 746 2674 en
763 2630 919 2688 voyage.

215 2717 270 2798 (De
292 2717 460 2780 itineribus
489 2720 555 2780 sine
585 2728 739 2802 apparatu
767 2722 940 2804 susceptis.)

102 2878 200 2939 Cum'
216 2878 409 2957 paucissimis
429 2880 537 2952 serviS,
564 2900 641 2959 quos
660 2900 755 2938 unum
773 2901 883 2960 capere
902 2881 1078 2940 vehiculum
1106 2876 1149 2937 3θ

55 2974 189 3056 potuit,
206 2974 272 3032 sine
285 2974 355 3034 ullis
370 2975 471 3048 rebus,
498 2975 555 3034 nisi
585 2997 653 3057 quae
673 2993 802 3056 corpore
818 2985 924 3037 nostro
942 2982 1080 3036 contine-

54 3074 199 3144 bantur,
227 3091 284 3149 ego
302 3080 332 3130 et
359 3072 512 3131 Maximus
535 3093 621 3130 meus
637 3072 766 3132 biduum
782 3074 847 3153 jam
869 3075 1079 3133 beatissimum

52 3171 204 3248 agimus
224 3167 346 3227 Culcita
364 3169 489 3228 interra
513 3169 605 3248 jacet,
622 3190 678 3247 ego
701 3171 732 3228 in
752 3171 874 3230 culcita.
897 3172 941 3229 Ex
961 3171 1080 3229 duabus

52 3265 195 3346 penulis
218 3264 313 3323 altera
335 3266 515 3343 stragulum,
536 3265 631 3325 altera
651 3268 841 3346 opertorium
857 3268 936 3326 facta
955 3275 1012 3327 est.
1036 3269 1079 3326 lie

49 3360 204 3443 prandio
233 3360 309 3418 nihil
333 3361 452 3420 detrahi
479 3363 604 3441 potuit:
636 3371 778 3443 paratum
808 3364 867 3422 luit
894 3385 956 3423 non
983 3365 1080 3441 magis

47 3460 159 3530 hora,
188 3478 340 3537 nusquam
362 3459 427 3518 sine
447 3459 565 3532 cariciS,
589 3481 741 3540 nusquam
767 3460 832 3518 sinc
864 3461 1077 3539 pugillaribus

48 3557 143 3628 Illae,
167 3555 192 3614 si
208 3575 318 3634 panem
335 3555 444 3628 habe0,
458 3577 512 3634 pro
523 3556 730 3635 pulmentario
744 3566 831 3630 sunt;
850 3557 874 3615 si
891 3579 951 3616 non
970 3560 1078 3630 haben,

45 3674 118 3734 pro
133 3671 233 3733 pane.
252 3651 396 3722 Quotidie
407 3652 482 3710 mihi
500 3673 613 3711 annum
630 3674 745 3711 novum
765 3654 892 3726 faciunt,
910 3675 1000 3732 quem
1023 3677 1080 3732 ego

46 3753 210 3810 faustum
236 3753 268 3806 et
291 3746 411 3806 felicem
436 3749 532 3807 reddo
556 3749 644 3808 bonis
667 3750 909 3828 cogitationibus
934 3760 964 3810 et
986 3752 1078 3810 animi

504 3927 660 3979 -iii-
