<?xml version="1.0" encoding="UTF-8"?>
<!DOCTYPE html PUBLIC "-//W3C//DTD XHTML 1.0 Transitional//EN"
    "http://www.w3.org/TR/xhtml1/DTD/xhtml1-transitional.dtd">
<html xmlns="http://www.w3.org/1999/xhtml" xml:lang="en" lang="en">
 <head>
  <title>
</title>
<meta http-equiv="Content-Type" content="text/html;charset=utf-8" />
  <meta name='ocr-system' content='tesseract 3.04.00' />
  <meta name='ocr-capabilities' content='ocr_page ocr_carea ocr_par ocr_line ocrx_word'/>
</head>
<body>
  <div class='ocr_page' id='page_1' title='image "./depublicaprivat00arnagoog_0125.png"; bbox 0 0 2656 4258; ppageno 0'>
   <div class='ocr_carea' id='block_1_1' title="bbox 503 85 936 140">
    <p class='ocr_par' dir='ltr' id='par_1_1' title="bbox 503 85 936 140">
     <span class='ocr_line' id='line_1_1' title="bbox 503 85 936 140; baseline 0 -2"><span class='ocrx_word' id='word_1_1' title='bbox 503 103 537 138; x_wconf 77' lang='lat' dir='ltr'>ua</span> <span class='ocrx_word' id='word_1_2' title='bbox 559 101 604 138; x_wconf 83' lang='lat' dir='ltr'>vis</span> <span class='ocrx_word' id='word_1_3' title='bbox 627 103 660 138; x_wconf 83' lang='lat' dir='ltr'>ns</span> <span class='ocrx_word' id='word_1_4' title='bbox 682 85 798 140; x_wconf 73' lang='lat' dir='ltr'>socrirf:</span> <span class='ocrx_word' id='word_1_5' title='bbox 819 103 838 138; x_wconf 79' lang='lat' dir='ltr'>n</span> <span class='ocrx_word' id='word_1_6' title='bbox 860 103 936 139; x_wconf 81' lang='lat' dir='ltr'>noua</span> 
     </span>
    </p>
   </div>
   <div class='ocr_carea' id='block_1_2' title="bbox 132 212 1315 1529">
    <p class='ocr_par' dir='ltr' id='par_1_2' title="bbox 215 212 1220 389">
     <span class='ocr_line' id='line_1_2' title="bbox 216 212 1219 291; baseline 0.001 -21"><span class='ocrx_word' id='word_1_7' title='bbox 216 212 407 291; x_wconf 89' lang='lat' dir='ltr'>simplicitas,</span> <span class='ocrx_word' id='word_1_8' title='bbox 427 212 503 271; x_wconf 86' lang='lat' dir='ltr'>nihil</span> <span class='ocrx_word' id='word_1_9' title='bbox 528 212 699 272; x_wconf 88' lang='lat' dir='ltr'>obtendens</span> <span class='ocrx_word' id='word_1_10' title='bbox 722 213 860 272; x_wconf 89' lang='lat' dir='ltr'>moribus</span> <span class='ocrx_word' id='word_1_11' title='bbox 880 214 968 272; x_wconf 80' lang='lat' dir='ltr'>suis?</span> <span class='ocrx_word' id='word_1_12' title='bbox 994 212 1084 272; x_wconf 85' lang='lat' dir='ltr'>Subit</span> <span class='ocrx_word' id='word_1_13' title='bbox 1112 220 1219 272; x_wconf 88' lang='lat' dir='ltr'>tamen</span> 
     </span>
     <span class='ocr_line' id='line_1_3' title="bbox 215 308 1220 389; baseline 0.001 -23"><span class='ocrx_word' id='word_1_14' title='bbox 215 315 247 366; x_wconf 91' lang='lat' dir='ltr'>et</span> <span class='ocrx_word' id='word_1_15' title='bbox 274 308 349 367; x_wconf 89' lang='lat' dir='ltr'>haec</span> <span class='ocrx_word' id='word_1_16' title='bbox 370 309 433 366; x_wconf 91' lang='lat' dir='ltr'>vita</span> <span class='ocrx_word' id='word_1_17' title='bbox 454 315 650 388; x_wconf 88' lang='lat' dir='ltr'>contemptus</span> <span class='ocrx_word' id='word_1_18' title='bbox 679 310 864 389; x_wconf 92' lang='lat' dir='ltr'>periculum,</span> <span class='ocrx_word' id='word_1_19' title='bbox 894 310 919 368; x_wconf 90' lang='lat' dir='ltr'>si</span> <span class='ocrx_word' id='word_1_20' title='bbox 945 311 1047 368; x_wconf 90' lang='lat' dir='ltr'>omnia</span> <span class='ocrx_word' id='word_1_21' title='bbox 1074 310 1220 368; x_wconf 88' lang='lat' dir='ltr'>omnibus</span> 
     </span>
    </p>

    <p class='ocr_par' dir='ltr' id='par_1_3' title="bbox 132 405 1315 1529">
     <span class='ocr_line' id='line_1_4' title="bbox 132 405 1220 486; baseline 0.002 -24"><span class='ocrx_word' id='word_1_22' title='bbox 132 440 135 444; x_wconf 94' lang='lat'><em>-</em></span> <span class='ocrx_word' id='word_1_23' title='bbox 217 412 335 483; x_wconf 85' lang='lat' dir='ltr'>patent.</span> <span class='ocrx_word' id='word_1_24' title='bbox 354 405 434 464; x_wconf 90' lang='lat' dir='ltr'>Sunt</span> <span class='ocrx_word' id='word_1_25' title='bbox 453 405 534 464; x_wconf 90' lang='lat' dir='ltr'>enim</span> <span class='ocrx_word' id='word_1_26' title='bbox 559 405 612 485; x_wconf 93' lang='lat' dir='ltr'>qui</span> <span class='ocrx_word' id='word_1_27' title='bbox 630 405 790 466; x_wconf 79' lang='lat' dir='ltr'>fastidiant</span> <span class='ocrx_word' id='word_1_28' title='bbox 814 406 965 486; x_wconf 93' lang='lat' dir='ltr'>quidquid</span> <span class='ocrx_word' id='word_1_29' title='bbox 985 406 1113 486; x_wconf 90' lang='lat' dir='ltr'>propius</span> <span class='ocrx_word' id='word_1_30' title='bbox 1135 405 1220 464; x_wconf 89' lang='lat' dir='ltr'>adie-</span> 
     </span>
     <span class='ocr_line' id='line_1_5' title="bbox 214 499 1220 582; baseline 0.002 -24"><span class='ocrx_word' id='word_1_31' title='bbox 214 510 300 561; x_wconf 90' lang='lat' dir='ltr'>runt.</span> <span class='ocrx_word' id='word_1_32' title='bbox 325 499 385 562; x_wconf 87' lang='lat' dir='ltr'>Sed</span> <span class='ocrx_word' id='word_1_33' title='bbox 413 523 470 560; x_wconf 88' lang='lat' dir='ltr'>nec</span> <span class='ocrx_word' id='word_1_34' title='bbox 489 501 600 560; x_wconf 85' lang='lat' dir='ltr'>virtuti</span> <span class='ocrx_word' id='word_1_35' title='bbox 625 501 797 582; x_wconf 84' lang='lat' dir='ltr'>periculum</span> <span class='ocrx_word' id='word_1_36' title='bbox 823 511 879 575; x_wconf 89' lang='lat' dir='ltr'>est,</span> <span class='ocrx_word' id='word_1_37' title='bbox 908 523 946 561; x_wconf 87' lang='lat' dir='ltr'>ne</span> <span class='ocrx_word' id='word_1_38' title='bbox 967 503 1091 561; x_wconf 85' lang='lat' dir='ltr'>admota</span> <span class='ocrx_word' id='word_1_39' title='bbox 1119 501 1220 561; x_wconf 88' lang='lat' dir='ltr'>oculis</span> 
     </span>
     <span class='ocr_line' id='line_1_6' title="bbox 215 598 1221 679; baseline 0.003 -24"><span class='ocrx_word' id='word_1_40' title='bbox 215 598 388 672; x_wconf 85' lang='lat' dir='ltr'>revilesca&#39;t,</span> <span class='ocrx_word' id='word_1_41' title='bbox 408 605 440 657; x_wconf 92' lang='lat' dir='ltr'>et</span> <span class='ocrx_word' id='word_1_42' title='bbox 455 599 552 658; x_wconf 84' lang='lat' dir='ltr'>satius</span> <span class='ocrx_word' id='word_1_43' title='bbox 571 605 619 657; x_wconf 91' lang='lat' dir='ltr'>est</span> <span class='ocrx_word' id='word_1_44' title='bbox 640 599 838 678; x_wconf 80' lang='lat' dir='ltr'>simplicitate</span> <span class='ocrx_word' id='word_1_45' title='bbox 857 600 1013 659; x_wconf 87' lang='lat' dir='ltr'>contemni</span> <span class='ocrx_word' id='word_1_46' title='bbox 1036 619 1129 679; x_wconf 89' lang='lat' dir='ltr'>quam</span> <span class='ocrx_word' id='word_1_47' title='bbox 1151 619 1221 679; x_wconf 89' lang='lat' dir='ltr'>per-</span> 
     </span>
     <span class='ocr_line' id='line_1_7' title="bbox 203 695 1218 775; baseline 0 -21"><span class='ocrx_word' id='word_1_48' title='bbox 203 703 307 774; x_wconf 87' lang='lat' dir='ltr'>petua</span> <span class='ocrx_word' id='word_1_49' title='bbox 318 695 513 755; x_wconf 83' lang='lat' dir='ltr'>simulatione</span> <span class='ocrx_word' id='word_1_50' title='bbox 523 696 671 775; x_wconf 86' lang='lat' dir='ltr'>torqueri.</span> <span class='ocrx_word' id='word_1_51' title='bbox 685 695 813 754; x_wconf 91' lang='lat' dir='ltr'>Modum</span> <span class='ocrx_word' id='word_1_52' title='bbox 825 704 930 755; x_wconf 90' lang='lat' dir='ltr'>tamen</span> <span class='ocrx_word' id='word_1_53' title='bbox 941 695 1196 755; x_wconf 82' lang='lat' dir='ltr'>rei&#39;adhibeamus</span> <span class='ocrx_word' id='word_1_54' title='bbox 1209 714 1218 754; x_wconf 74' lang='grc' dir='ltr'>ε</span> 
     </span>
     <span class='ocr_line' id='line_1_8' title="bbox 214 792 1222 872; baseline -0.001 -21"><span class='ocrx_word' id='word_1_55' title='bbox 214 793 346 852; x_wconf 91' lang='lat' dir='ltr'>multum</span> <span class='ocrx_word' id='word_1_56' title='bbox 372 794 500 856; x_wconf 86' lang='lat' dir='ltr'>interest</span> <span class='ocrx_word' id='word_1_57' title='bbox 525 792 710 872; x_wconf 90' lang='lat' dir='ltr'>simpliciter</span> <span class='ocrx_word' id='word_1_58' title='bbox 731 794 818 852; x_wconf 89' lang='lat' dir='ltr'>vivas</span> <span class='ocrx_word' id='word_1_59' title='bbox 843 815 882 852; x_wconf 90' lang='lat' dir='ltr'>an</span> <span class='ocrx_word' id='word_1_60' title='bbox 904 793 1113 871; x_wconf 82' lang='lat' dir='ltr'>neglegenter.</span> <span class='ocrx_word' id='word_1_61' title='bbox 1137 793 1222 851; x_wconf 91' lang='lat' dir='ltr'>Mul·</span> 
     </span>
     <span class='ocr_line' id='line_1_9' title="bbox 214 888 1219 950; baseline -0.002 0"><span class='ocrx_word' id='word_1_62' title='bbox 214 899 280 950; x_wconf 90' lang='lat' dir='ltr'>tum</span> <span class='ocrx_word' id='word_1_63' title='bbox 292 891 364 948; x_wconf 92' lang='lat' dir='ltr'>etin</span> <span class='ocrx_word' id='word_1_64' title='bbox 377 911 409 948; x_wconf 92' lang='lat' dir='ltr'>se</span> <span class='ocrx_word' id='word_1_65' title='bbox 419 890 625 950; x_wconf 88' lang='lat' dir='ltr'>recedendum</span> <span class='ocrx_word' id='word_1_66' title='bbox 639 897 684 948; x_wconf 91' lang='lat' dir='ltr'>est</span> <span class='ocrx_word' id='word_1_67' title='bbox 700 908 706 949; x_wconf 95' lang='lat'><strong>:</strong></span> <span class='ocrx_word' id='word_1_68' title='bbox 720 890 914 950; x_wconf 88' lang='lat' dir='ltr'>conversatio</span> <span class='ocrx_word' id='word_1_69' title='bbox 927 891 1008 948; x_wconf 92' lang='lat' dir='ltr'>enim</span> <span class='ocrx_word' id='word_1_70' title='bbox 1019 888 1219 948; x_wconf 89' lang='lat' dir='ltr'>dissimilium</span> 
     </span>
     <span class='ocr_line' id='line_1_10' title="bbox 214 985 1220 1066; baseline -0.002 -20"><span class='ocrx_word' id='word_1_71' title='bbox 214 989 292 1046; x_wconf 90' lang='lat' dir='ltr'>bene</span> <span class='ocrx_word' id='word_1_72' title='bbox 311 987 481 1066; x_wconf 88' lang='lat' dir='ltr'>composita</span> <span class='ocrx_word' id='word_1_73' title='bbox 500 987 653 1046; x_wconf 89' lang='lat' dir='ltr'>disturbat</span> <span class='ocrx_word' id='word_1_74' title='bbox 673 995 703 1046; x_wconf 92' lang='lat' dir='ltr'>et</span> <span class='ocrx_word' id='word_1_75' title='bbox 720 994 848 1046; x_wconf 90' lang='lat' dir='ltr'>renovat</span> <span class='ocrx_word' id='word_1_76' title='bbox 863 986 1002 1045; x_wconf 89' lang='lat' dir='ltr'>adfectus</span> <span class='ocrx_word' id='word_1_77' title='bbox 1018 995 1048 1046; x_wconf 88' lang='lat' dir='ltr'>et</span> <span class='ocrx_word' id='word_1_78' title='bbox 1064 985 1220 1066; x_wconf 92' lang='lat' dir='ltr'>quidquid</span> 
     </span>
     <span class='ocr_line' id='line_1_11' title="bbox 214 1082 1315 1163; baseline 0.002 -21"><span class='ocrx_word' id='word_1_79' title='bbox 214 1082 401 1142; x_wconf 91' lang='lat' dir='ltr'>imbecillum</span> <span class='ocrx_word' id='word_1_80' title='bbox 420 1083 452 1141; x_wconf 94' lang='lat' dir='ltr'>in</span> <span class='ocrx_word' id='word_1_81' title='bbox 471 1083 573 1142; x_wconf 90' lang='lat' dir='ltr'>animo</span> <span class='ocrx_word' id='word_1_82' title='bbox 593 1104 650 1142; x_wconf 89' lang='lat' dir='ltr'>nec</span> <span class='ocrx_word' id='word_1_83' title='bbox 666 1091 863 1163; x_wconf 84' lang='lat' dir='ltr'>percuratum</span> <span class='ocrx_word' id='word_1_84' title='bbox 879 1090 934 1155; x_wconf 89' lang='lat' dir='ltr'>est,</span> <span class='ocrx_word' id='word_1_85' title='bbox 953 1083 1118 1142; x_wconf 84' lang='lat' dir='ltr'>exulcerat.</span> <span class='ocrx_word' id='word_1_86' title='bbox 1141 1083 1220 1140; x_wconf 90' lang='lat' dir='ltr'>Mis·</span> <span class='ocrx_word' id='word_1_87' title='bbox 1314 1127 1315 1144; x_wconf 61' lang='lat'>.</span> 
     </span>
     <span class='ocr_line' id='line_1_12' title="bbox 210 1179 1315 1259; baseline -0.003 -20"><span class='ocrx_word' id='word_1_88' title='bbox 210 1179 310 1239; x_wconf 89' lang='lat' dir='ltr'>cenda</span> <span class='ocrx_word' id='word_1_89' title='bbox 320 1187 422 1238; x_wconf 91' lang='lat' dir='ltr'>tamen</span> <span class='ocrx_word' id='word_1_90' title='bbox 434 1179 491 1238; x_wconf 91' lang='lat' dir='ltr'>ista</span> <span class='ocrx_word' id='word_1_91' title='bbox 504 1187 533 1238; x_wconf 85' lang='lat' dir='ltr'>et</span> <span class='ocrx_word' id='word_1_92' title='bbox 547 1180 726 1239; x_wconf 86' lang='lat' dir='ltr'>alternanda</span> <span class='ocrx_word' id='word_1_93' title='bbox 737 1181 809 1253; x_wconf 92' lang='lat' dir='ltr'>sint,</span> <span class='ocrx_word' id='word_1_94' title='bbox 822 1179 957 1240; x_wconf 92' lang='lat' dir='ltr'>solitudo</span> <span class='ocrx_word' id='word_1_95' title='bbox 970 1187 1001 1237; x_wconf 92' lang='lat' dir='ltr'>et</span> <span class='ocrx_word' id='word_1_96' title='bbox 1013 1179 1189 1259; x_wconf 84' lang='lat' dir='ltr'>frequentia</span> <span class='ocrx_word' id='word_1_97' title='bbox 1209 1197 1217 1238; x_wconf 78' lang='grc' dir='ltr'><em>τ</em></span> <span class='ocrx_word' id='word_1_98' title='bbox 1314 1205 1315 1236; x_wconf 61' lang='lat' dir='ltr'>i</span> 
     </span>
     <span class='ocr_line' id='line_1_13' title="bbox 214 1276 1315 1348; baseline 0.001 -15"><span class='ocrx_word' id='word_1_99' title='bbox 214 1276 265 1335; x_wconf 90' lang='lat' dir='ltr'>illa</span> <span class='ocrx_word' id='word_1_100' title='bbox 284 1276 373 1334; x_wconf 92' lang='lat' dir='ltr'>nobis</span> <span class='ocrx_word' id='word_1_101' title='bbox 394 1276 485 1334; x_wconf 90' lang='lat' dir='ltr'>faciet</span> <span class='ocrx_word' id='word_1_102' title='bbox 503 1277 663 1335; x_wconf 92' lang='lat' dir='ltr'>hominum</span> <span class='ocrx_word' id='word_1_103' title='bbox 684 1277 881 1348; x_wconf 91' lang='lat' dir='ltr'>desiderium,</span> <span class='ocrx_word' id='word_1_104' title='bbox 899 1277 964 1335; x_wconf 81' lang='lat' dir='ltr'>haec</span> <span class='ocrx_word' id='word_1_105' title='bbox 984 1276 1092 1346; x_wconf 84' lang='lat' dir='ltr'>nostri,</span> <span class='ocrx_word' id='word_1_106' title='bbox 1112 1276 1220 1334; x_wconf 85' lang='lat' dir='ltr'>eterit</span> <span class='ocrx_word' id='word_1_107' title='bbox 1314 1299 1315 1324; x_wconf 66' lang='lat' dir='ltr'>i</span> 
     </span>
     <span class='ocr_line' id='line_1_14' title="bbox 210 1365 1315 1442; baseline -0.002 -10"><span class='ocrx_word' id='word_1_108' title='bbox 210 1372 308 1432; x_wconf 86' lang='lat' dir='ltr'>altera</span> <span class='ocrx_word' id='word_1_109' title='bbox 328 1372 453 1431; x_wconf 89' lang='lat' dir='ltr'>alterius</span> <span class='ocrx_word' id='word_1_110' title='bbox 471 1365 652 1434; x_wconf 84' lang='lat' dir='ltr'>remedium.</span> <span class='ocrx_word' id='word_1_111' title='bbox 672 1373 784 1432; x_wconf 90' lang='lat' dir='ltr'>Odium</span> <span class='ocrx_word' id='word_1_112' title='bbox 806 1374 904 1432; x_wconf 84' lang='lat' dir='ltr'>turbae</span> <span class='ocrx_word' id='word_1_113' title='bbox 922 1374 1043 1432; x_wconf 90' lang='lat' dir='ltr'>sanabit</span> <span class='ocrx_word' id='word_1_114' title='bbox 1066 1371 1216 1442; x_wconf 91' lang='lat' dir='ltr'>solitud0‚</span> <span class='ocrx_word' id='word_1_115' title='bbox 1314 1373 1315 1380; x_wconf 65' lang='lat'><em>&#39;</em></span> 
     </span>
     <span class='ocr_line' id='line_1_15' title="bbox 215 1468 643 1529; baseline 0.002 -1"><span class='ocrx_word' id='word_1_116' title='bbox 215 1469 340 1528; x_wconf 88' lang='lat' dir='ltr'>taedium</span> <span class='ocrx_word' id='word_1_117' title='bbox 353 1468 529 1528; x_wconf 88' lang='lat' dir='ltr'>solitudinis</span> <span class='ocrx_word' id='word_1_118' title='bbox 543 1470 643 1529; x_wconf 91' lang='lat' dir='ltr'>turba.</span> 
     </span>
    </p>
   </div>
   <div class='ocr_carea' id='block_1_3' title="bbox 539 1651 993 1856">
    <p class='ocr_par' dir='ltr' id='par_1_4' title="bbox 539 1651 993 1856">
     <span class='ocr_line' id='line_1_16' title="bbox 539 1651 993 1742; baseline 0.004 -14"><span class='ocrx_word' id='word_1_119' title='bbox 539 1675 620 1728; x_wconf 91' lang='lat'>111.</span> <span class='ocrx_word' id='word_1_120' title='bbox 642 1675 783 1741; x_wconf 82' lang='lat' dir='ltr'>Soyons</span> <span class='ocrx_word' id='word_1_121' title='bbox 803 1673 897 1742; x_wconf 77' lang='lat' dir='ltr'>gals.</span> <span class='ocrx_word' id='word_1_122' title='bbox 961 1696 962 1704; x_wconf 45' lang='lat'>¹</span> <span class='ocrx_word' id='word_1_123' title='bbox 988 1651 993 1664; x_wconf 56' lang='lat'><strong>¹</strong></span> 
     </span>
     <span class='ocr_line' id='line_1_17' title="bbox 594 1776 839 1856; baseline 0 -20"><span class='ocrx_word' id='word_1_124' title='bbox 594 1776 697 1856; x_wconf 86' lang='lat' dir='ltr'>(Laeti</span> <span class='ocrx_word' id='word_1_125' title='bbox 716 1776 839 1856; x_wconf 85' lang='lat' dir='ltr'>simus.)</span> 
     </span>
    </p>
   </div>
   <div class='ocr_carea' id='block_1_4' title="bbox 137 1933 1221 3756">
    <p class='ocr_par' dir='ltr' id='par_1_5' title="bbox 137 1933 1221 3756">
     <span class='ocr_line' id='line_1_18' title="bbox 160 1933 1217 2015; baseline -0.004 -19"><span class='ocrx_word' id='word_1_126' title='bbox 160 1933 201 1996; x_wconf 71' lang='grc' dir='ltr'>3θ</span> <span class='ocrx_word' id='word_1_127' title='bbox 255 1935 325 1996; x_wconf 80' lang='lat' dir='ltr'>Non</span> <span class='ocrx_word' id='word_1_128' title='bbox 339 1936 371 1994; x_wconf 93' lang='lat' dir='ltr'>in</span> <span class='ocrx_word' id='word_1_129' title='bbox 386 1936 491 1994; x_wconf 91' lang='lat' dir='ltr'>eadem</span> <span class='ocrx_word' id='word_1_130' title='bbox 507 1937 679 1994; x_wconf 92' lang='lat' dir='ltr'>intentione</span> <span class='ocrx_word' id='word_1_131' title='bbox 694 1935 865 2015; x_wconf 90' lang='lat' dir='ltr'>aequaliter</span> <span class='ocrx_word' id='word_1_132' title='bbox 881 1934 1042 1994; x_wconf 91' lang='lat' dir='ltr'>retinenda</span> <span class='ocrx_word' id='word_1_133' title='bbox 1056 1955 1143 1993; x_wconf 91' lang='lat' dir='ltr'>mens</span> <span class='ocrx_word' id='word_1_134' title='bbox 1159 1939 1217 2006; x_wconf 86' lang='lat' dir='ltr'>est,</span> 
     </span>
     <span class='ocr_line' id='line_1_19' title="bbox 215 2030 1219 2112; baseline -0.003 -22"><span class='ocrx_word' id='word_1_135' title='bbox 215 2032 268 2091; x_wconf 86' lang='lat' dir='ltr'>sed</span> <span class='ocrx_word' id='word_1_136' title='bbox 279 2032 322 2091; x_wconf 87' lang='lat' dir='ltr'>ad</span> <span class='ocrx_word' id='word_1_137' title='bbox 332 2033 420 2112; x_wconf 90' lang='lat' dir='ltr'>jocos</span> <span class='ocrx_word' id='word_1_138' title='bbox 432 2033 624 2092; x_wconf 89' lang='lat' dir='ltr'>devocanda.</span> <span class='ocrx_word' id='word_1_139' title='bbox 640 2032 718 2091; x_wconf 91' lang='lat' dir='ltr'>Cum</span> <span class='ocrx_word' id='word_1_140' title='bbox 732 2033 869 2112; x_wconf 84' lang='lat' dir='ltr'>puerulis</span> <span class='ocrx_word' id='word_1_141' title='bbox 883 2030 1140 2091; x_wconf 89' lang='lat' dir='ltr'>Socratesludere</span> <span class='ocrx_word' id='word_1_142' title='bbox 1157 2050 1219 2088; x_wconf 92' lang='lat' dir='ltr'>non</span> 
     </span>
     <span class='ocr_line' id='line_1_20' title="bbox 215 2129 1220 2209; baseline -0.004 -21"><span class='ocrx_word' id='word_1_143' title='bbox 215 2130 423 2202; x_wconf 90' lang='lat' dir='ltr'>erubescebat,</span> <span class='ocrx_word' id='word_1_144' title='bbox 441 2137 471 2188; x_wconf 91' lang='lat' dir='ltr'>et</span> <span class='ocrx_word' id='word_1_145' title='bbox 492 2129 596 2208; x_wconf 90' lang='lat' dir='ltr'>Scipio</span> <span class='ocrx_word' id='word_1_146' title='bbox 615 2129 802 2209; x_wconf 89' lang='lat' dir='ltr'>triumphale</span> <span class='ocrx_word' id='word_1_147' title='bbox 813 2129 890 2188; x_wconf 93' lang='lat' dir='ltr'>illud</span> <span class='ocrx_word' id='word_1_148' title='bbox 903 2150 938 2188; x_wconf 90' lang='lat' dir='ltr'>ac</span> <span class='ocrx_word' id='word_1_149' title='bbox 954 2129 1087 2188; x_wconf 91' lang='lat' dir='ltr'>militare</span> <span class='ocrx_word' id='word_1_150' title='bbox 1106 2147 1220 2206; x_wconf 88' lang='lat' dir='ltr'>corpus</span> 
     </span>
     <span class='ocr_line' id='line_1_21' title="bbox 214 2225 1220 2303; baseline -0.002 -20"><span class='ocrx_word' id='word_1_151' title='bbox 214 2227 313 2284; x_wconf 91' lang='lat' dir='ltr'>movit</span> <span class='ocrx_word' id='word_1_152' title='bbox 325 2225 363 2284; x_wconf 93' lang='lat' dir='ltr'>ad</span> <span class='ocrx_word' id='word_1_153' title='bbox 375 2246 529 2298; x_wconf 81' lang='lat' dir='ltr'>numeroS,</span> <span class='ocrx_word' id='word_1_154' title='bbox 542 2245 604 2283; x_wconf 94' lang='lat' dir='ltr'>non</span> <span class='ocrx_word' id='word_1_155' title='bbox 615 2226 754 2284; x_wconf 88' lang='lat' dir='ltr'>molliter</span> <span class='ocrx_word' id='word_1_156' title='bbox 764 2247 795 2284; x_wconf 92' lang='lat' dir='ltr'>se</span> <span class='ocrx_word' id='word_1_157' title='bbox 807 2226 992 2303; x_wconf 75' lang='lat' dir='ltr'>infringens,</span> <span class='ocrx_word' id='word_1_158' title='bbox 1008 2233 1042 2284; x_wconf 92' lang='lat' dir='ltr'>ut</span> <span class='ocrx_word' id='word_1_159' title='bbox 1057 2245 1139 2283; x_wconf 93' lang='lat' dir='ltr'>nunc</span> <span class='ocrx_word' id='word_1_160' title='bbox 1152 2243 1220 2282; x_wconf 86' lang='lat' dir='ltr'>mos</span> 
     </span>
     <span class='ocr_line' id='line_1_22' title="bbox 214 2320 1218 2401; baseline -0.002 -21"><span class='ocrx_word' id='word_1_161' title='bbox 214 2331 260 2381; x_wconf 90' lang='lat' dir='ltr'>est</span> <span class='ocrx_word' id='word_1_162' title='bbox 273 2323 363 2380; x_wconf 91' lang='lat' dir='ltr'>etiam</span> <span class='ocrx_word' id='word_1_163' title='bbox 374 2323 495 2380; x_wconf 89' lang='lat' dir='ltr'>incessu</span> <span class='ocrx_word' id='word_1_164' title='bbox 505 2322 572 2401; x_wconf 92' lang='lat' dir='ltr'>ipso</span> <span class='ocrx_word' id='word_1_165' title='bbox 584 2322 664 2380; x_wconf 88' lang='lat' dir='ltr'>ultra</span> <span class='ocrx_word' id='word_1_166' title='bbox 675 2323 857 2381; x_wconf 91' lang='lat' dir='ltr'>muliebrem</span> <span class='ocrx_word' id='word_1_167' title='bbox 868 2323 1029 2381; x_wconf 88' lang='lat' dir='ltr'>mollitiam</span> <span class='ocrx_word' id='word_1_168' title='bbox 1038 2320 1218 2394; x_wconf 86' lang='lat' dir='ltr'>fluentibus,</span> 
     </span>
     <span class='ocr_line' id='line_1_23' title="bbox 214 2418 1218 2498; baseline -0.001 -21"><span class='ocrx_word' id='word_1_169' title='bbox 214 2419 266 2477; x_wconf 91' lang='lat' dir='ltr'>sed</span> <span class='ocrx_word' id='word_1_170' title='bbox 279 2426 313 2476; x_wconf 93' lang='lat' dir='ltr'>ut</span> <span class='ocrx_word' id='word_1_171' title='bbox 322 2418 443 2498; x_wconf 84' lang='lat' dir='ltr'>antiqui</span> <span class='ocrx_word' id='word_1_172' title='bbox 453 2418 497 2476; x_wconf 92' lang='lat' dir='ltr'>illi</span> <span class='ocrx_word' id='word_1_173' title='bbox 512 2418 569 2476; x_wconf 90' lang='lat' dir='ltr'>viri</span> <span class='ocrx_word' id='word_1_174' title='bbox 581 2419 721 2478; x_wconf 89' lang='lat' dir='ltr'>solebant</span> <span class='ocrx_word' id='word_1_175' title='bbox 731 2420 815 2493; x_wconf 82' lang='lat' dir='ltr'>inter</span> <span class='ocrx_word' id='word_1_176' title='bbox 825 2420 926 2478; x_wconf 90' lang='lat' dir='ltr'>lusum</span> <span class='ocrx_word' id='word_1_177' title='bbox 940 2441 975 2478; x_wconf 89' lang='lat' dir='ltr'>ac</span> <span class='ocrx_word' id='word_1_178' title='bbox 988 2419 1064 2477; x_wconf 86' lang='lat' dir='ltr'>festa</span> <span class='ocrx_word' id='word_1_179' title='bbox 1079 2425 1218 2496; x_wconf 86' lang='lat' dir='ltr'>tempora</span> 
     </span>
     <span class='ocr_line' id='line_1_24' title="bbox 214 2515 1217 2594; baseline -0.001 -21"><span class='ocrx_word' id='word_1_180' title='bbox 214 2516 332 2573; x_wconf 92' lang='lat' dir='ltr'>virilem</span> <span class='ocrx_word' id='word_1_181' title='bbox 354 2515 385 2572; x_wconf 94' lang='lat' dir='ltr'>in</span> <span class='ocrx_word' id='word_1_182' title='bbox 409 2515 536 2574; x_wconf 91' lang='lat' dir='ltr'>modum</span> <span class='ocrx_word' id='word_1_183' title='bbox 557 2516 738 2594; x_wconf 89' lang='lat' dir='ltr'>tripudiare,</span> <span class='ocrx_word' id='word_1_184' title='bbox 767 2537 828 2574; x_wconf 94' lang='lat' dir='ltr'>non</span> <span class='ocrx_word' id='word_1_185' title='bbox 851 2517 962 2575; x_wconf 91' lang='lat' dir='ltr'>facturi</span> <span class='ocrx_word' id='word_1_186' title='bbox 984 2515 1217 2584; x_wconf 89' lang='lat' dir='ltr'>detrimentum,</span> 
     </span>
     <span class='ocr_line' id='line_1_25' title="bbox 214 2611 1218 2692; baseline -0.005 -20"><span class='ocrx_word' id='word_1_187' title='bbox 214 2613 334 2672; x_wconf 89' lang='lat' dir='ltr'>etiamsi</span> <span class='ocrx_word' id='word_1_188' title='bbox 357 2612 395 2671; x_wconf 92' lang='lat' dir='ltr'>ab</span> <span class='ocrx_word' id='word_1_189' title='bbox 416 2612 555 2670; x_wconf 91' lang='lat' dir='ltr'>hostibus</span> <span class='ocrx_word' id='word_1_190' title='bbox 580 2613 642 2671; x_wconf 90' lang='lat' dir='ltr'>suis</span> <span class='ocrx_word' id='word_1_191' title='bbox 662 2620 885 2692; x_wconf 86' lang='lat' dir='ltr'>spectarentur.</span> <span class='ocrx_word' id='word_1_192' title='bbox 910 2612 1018 2670; x_wconf 87' lang='lat' dir='ltr'>Danda</span> <span class='ocrx_word' id='word_1_193' title='bbox 1038 2619 1084 2670; x_wconf 92' lang='lat' dir='ltr'>est</span> <span class='ocrx_word' id='word_1_194' title='bbox 1106 2611 1218 2670; x_wconf 88' lang='lat' dir='ltr'>animis</span> 
     </span>
     <span class='ocr_line' id='line_1_26' title="bbox 214 2707 1220 2790; baseline -0.003 -23"><span class='ocrx_word' id='word_1_195' title='bbox 214 2709 353 2768; x_wconf 91' lang='lat' dir='ltr'>remissio</span> <span class='ocrx_word' id='word_1_196' title='bbox 371 2709 533 2768; x_wconf 90' lang='lat' dir='ltr'>:meliores</span> <span class='ocrx_word' id='word_1_197' title='bbox 552 2709 745 2789; x_wconf 88' lang='lat' dir='ltr'>acrioresque</span> <span class='ocrx_word' id='word_1_198' title='bbox 765 2709 896 2790; x_wconf 91' lang='lat' dir='ltr'>requieti</span> <span class='ocrx_word' id='word_1_199' title='bbox 917 2716 1054 2786; x_wconf 91' lang='lat' dir='ltr'>surgent.</span> <span class='ocrx_word' id='word_1_200' title='bbox 1074 2707 1116 2766; x_wconf 92' lang='lat' dir='ltr'>Ut</span> <span class='ocrx_word' id='word_1_201' title='bbox 1134 2707 1220 2765; x_wconf 90' lang='lat' dir='ltr'>ferti-</span> 
     </span>
     <span class='ocr_line' id='line_1_27' title="bbox 214 2803 1220 2885; baseline -0.003 -20"><span class='ocrx_word' id='word_1_202' title='bbox 214 2807 296 2865; x_wconf 91' lang='lat' dir='ltr'>libus</span> <span class='ocrx_word' id='word_1_203' title='bbox 314 2806 395 2883; x_wconf 89' lang='lat' dir='ltr'>agris</span> <span class='ocrx_word' id='word_1_204' title='bbox 410 2827 473 2864; x_wconf 93' lang='lat' dir='ltr'>non</span> <span class='ocrx_word' id='word_1_205' title='bbox 489 2814 535 2864; x_wconf 91' lang='lat' dir='ltr'>est</span> <span class='ocrx_word' id='word_1_206' title='bbox 549 2806 774 2885; x_wconf 91' lang='lat' dir='ltr'>imperandum,</span> <span class='ocrx_word' id='word_1_207' title='bbox 789 2807 851 2866; x_wconf 93' lang='lat' dir='ltr'>cito</span> <span class='ocrx_word' id='word_1_208' title='bbox 870 2807 951 2865; x_wconf 90' lang='lat' dir='ltr'>enim</span> <span class='ocrx_word' id='word_1_209' title='bbox 971 2806 1039 2864; x_wconf 91' lang='lat' dir='ltr'>illos</span> <span class='ocrx_word' id='word_1_210' title='bbox 1059 2803 1220 2863; x_wconf 84' lang='lat' dir='ltr'>exhauriet</span> 
     </span>
     <span class='ocr_line' id='line_1_28' title="bbox 216 2901 1220 2983; baseline -0.004 -21"><span class='ocrx_word' id='word_1_211' title='bbox 216 2923 382 2983; x_wconf 90' lang='lat' dir='ltr'>numquam</span> <span class='ocrx_word' id='word_1_212' title='bbox 406 2903 579 2961; x_wconf 87' lang='lat' dir='ltr'>intermissa</span> <span class='ocrx_word' id='word_1_213' title='bbox 603 2903 787 2974; x_wconf 79' lang='lat' dir='ltr'>fecunditaS,</span> <span class='ocrx_word' id='word_1_214' title='bbox 811 2905 853 2963; x_wconf 91' lang='lat' dir='ltr'>ita</span> <span class='ocrx_word' id='word_1_215' title='bbox 880 2905 1053 2962; x_wconf 91' lang='lat' dir='ltr'>animorum</span> <span class='ocrx_word' id='word_1_216' title='bbox 1084 2901 1220 2980; x_wconf 90' lang='lat' dir='ltr'>impetus</span> 
     </span>
     <span class='ocr_line' id='line_1_29' title="bbox 215 2998 1221 3079; baseline -0.004 -20"><span class='ocrx_word' id='word_1_217' title='bbox 215 3000 361 3060; x_wconf 89' lang='lat' dir='ltr'>adsiduus</span> <span class='ocrx_word' id='word_1_218' title='bbox 379 3000 467 3058; x_wconf 89' lang='lat' dir='ltr'>labor</span> <span class='ocrx_word' id='word_1_219' title='bbox 479 3000 609 3076; x_wconf 89' lang='lat' dir='ltr'>franget.</span> <span class='ocrx_word' id='word_1_220' title='bbox 628 3000 716 3058; x_wconf 90' lang='lat' dir='ltr'>Vires</span> <span class='ocrx_word' id='word_1_221' title='bbox 733 3000 883 3078; x_wconf 89' lang='lat' dir='ltr'>recipient</span> <span class='ocrx_word' id='word_1_222' title='bbox 902 3000 1027 3079; x_wconf 89' lang='lat' dir='ltr'>paulum</span> <span class='ocrx_word' id='word_1_223' title='bbox 1046 2998 1173 3057; x_wconf 88' lang='lat' dir='ltr'>resoluti</span> <span class='ocrx_word' id='word_1_224' title='bbox 1188 3005 1221 3056; x_wconf 90' lang='lat' dir='ltr'>et</span> 
     </span>
     <span class='ocr_line' id='line_1_30' title="bbox 215 3095 1220 3157; baseline -0.005 0"><span class='ocrx_word' id='word_1_225' title='bbox 215 3098 327 3157; x_wconf 90' lang='lat' dir='ltr'>emissi.</span> <span class='ocrx_word' id='word_1_226' title='bbox 342 3097 487 3155; x_wconf 90' lang='lat' dir='ltr'>Nascitur</span> <span class='ocrx_word' id='word_1_227' title='bbox 501 3117 538 3155; x_wconf 86' lang='lat' dir='ltr'>ex</span> <span class='ocrx_word' id='word_1_228' title='bbox 552 3096 738 3155; x_wconf 85' lang='lat' dir='ltr'>adsiduitate</span> <span class='ocrx_word' id='word_1_229' title='bbox 751 3096 890 3155; x_wconf 90' lang='lat' dir='ltr'>laborum</span> <span class='ocrx_word' id='word_1_230' title='bbox 905 3097 1078 3156; x_wconf 89' lang='lat' dir='ltr'>animorum</span> <span class='ocrx_word' id='word_1_231' title='bbox 1091 3095 1220 3153; x_wconf 91' lang='lat' dir='ltr'>hebeta-</span> 
     </span>
     <span class='ocr_line' id='line_1_31' title="bbox 215 3191 1219 3274; baseline -0.006 -19"><span class='ocrx_word' id='word_1_232' title='bbox 215 3197 259 3255; x_wconf 92' lang='lat' dir='ltr'>tio</span> <span class='ocrx_word' id='word_1_233' title='bbox 287 3193 437 3274; x_wconf 88' lang='lat' dir='ltr'>quaedam</span> <span class='ocrx_word' id='word_1_234' title='bbox 467 3201 498 3251; x_wconf 90' lang='lat' dir='ltr'>et</span> <span class='ocrx_word' id='word_1_235' title='bbox 522 3192 664 3271; x_wconf 85' lang='lat' dir='ltr'>languor.</span> <span class='ocrx_word' id='word_1_236' title='bbox 691 3193 756 3251; x_wconf 92' lang='lat' dir='ltr'>Nec</span> <span class='ocrx_word' id='word_1_237' title='bbox 781 3193 819 3252; x_wconf 93' lang='lat' dir='ltr'>ad</span> <span class='ocrx_word' id='word_1_238' title='bbox 846 3194 904 3252; x_wconf 92' lang='lat' dir='ltr'>hoc</span> <span class='ocrx_word' id='word_1_239' title='bbox 935 3201 1021 3252; x_wconf 89' lang='lat' dir='ltr'>tanta</span> <span class='ocrx_word' id='word_1_240' title='bbox 1056 3191 1219 3251; x_wconf 92' lang='lat' dir='ltr'>hominum</span> 
     </span>
     <span class='ocr_line' id='line_1_32' title="bbox 216 3289 1219 3371; baseline -0.001 -21"><span class='ocrx_word' id='word_1_241' title='bbox 216 3291 368 3371; x_wconf 90' lang='lat' dir='ltr'>cupiditas</span> <span class='ocrx_word' id='word_1_242' title='bbox 387 3289 537 3362; x_wconf 91' lang='lat' dir='ltr'>tenderet,</span> <span class='ocrx_word' id='word_1_243' title='bbox 562 3289 621 3348; x_wconf 90' lang='lat' dir='ltr'>nisi</span> <span class='ocrx_word' id='word_1_244' title='bbox 643 3289 814 3348; x_wconf 88' lang='lat' dir='ltr'>naturalem</span> <span class='ocrx_word' id='word_1_245' title='bbox 836 3291 998 3370; x_wconf 90' lang='lat' dir='ltr'>quamdam</span> <span class='ocrx_word' id='word_1_246' title='bbox 1025 3289 1219 3369; x_wconf 89' lang='lat' dir='ltr'>voluptatem</span> 
     </span>
     <span class='ocr_line' id='line_1_33' title="bbox 216 3382 1220 3466; baseline -0.003 -20"><span class='ocrx_word' id='word_1_247' title='bbox 216 3382 341 3446; x_wconf 89' lang='lat' dir='ltr'>haberet</span> <span class='ocrx_word' id='word_1_248' title='bbox 373 3386 458 3445; x_wconf 91' lang='lat' dir='ltr'>lusus</span> <span class='ocrx_word' id='word_1_249' title='bbox 486 3387 649 3466; x_wconf 84' lang='lat' dir='ltr'>jocusque.</span> <span class='ocrx_word' id='word_1_250' title='bbox 676 3385 756 3463; x_wconf 87' lang='lat' dir='ltr'>Ergo</span> <span class='ocrx_word' id='word_1_251' title='bbox 785 3385 1008 3465; x_wconf 89' lang='lat' dir='ltr'>indulgendum</span> <span class='ocrx_word' id='word_1_252' title='bbox 1043 3392 1091 3444; x_wconf 90' lang='lat' dir='ltr'>est</span> <span class='ocrx_word' id='word_1_253' title='bbox 1116 3388 1220 3444; x_wconf 91' lang='lat' dir='ltr'>animo</span> 
     </span>
     <span class='ocr_line' id='line_1_34' title="bbox 216 3482 1220 3563; baseline 0 -21"><span class='ocrx_word' id='word_1_254' title='bbox 216 3484 412 3563; x_wconf 89' lang='lat' dir='ltr'>dandumque</span> <span class='ocrx_word' id='word_1_255' title='bbox 432 3483 561 3541; x_wconf 91' lang='lat' dir='ltr'>subinde</span> <span class='ocrx_word' id='word_1_256' title='bbox 581 3483 689 3553; x_wconf 89' lang='lat' dir='ltr'>otium,</span> <span class='ocrx_word' id='word_1_257' title='bbox 707 3482 790 3561; x_wconf 93' lang='lat' dir='ltr'>quod</span> <span class='ocrx_word' id='word_1_258' title='bbox 810 3483 946 3542; x_wconf 90' lang='lat' dir='ltr'>alimenti</span> <span class='ocrx_word' id='word_1_259' title='bbox 963 3504 998 3542; x_wconf 89' lang='lat' dir='ltr'>ac</span> <span class='ocrx_word' id='word_1_260' title='bbox 1018 3483 1131 3540; x_wconf 90' lang='lat' dir='ltr'>virium</span> <span class='ocrx_word' id='word_1_261' title='bbox 1150 3482 1220 3542; x_wconf 91' lang='lat' dir='ltr'>loco</span> 
     </span>
     <span class='ocr_line' id='line_1_35' title="bbox 137 3578 1220 3662; baseline -0.003 -23"><span class='ocrx_word' id='word_1_262' title='bbox 137 3658 140 3662; x_wconf 92' lang='lat'>.</span> <span class='ocrx_word' id='word_1_263' title='bbox 217 3581 266 3640; x_wconf 87' lang='lat' dir='ltr'>sit.</span> <span class='ocrx_word' id='word_1_264' title='bbox 281 3581 321 3639; x_wconf 89' lang='lat' dir='ltr'>Et</span> <span class='ocrx_word' id='word_1_265' title='bbox 330 3580 362 3638; x_wconf 93' lang='lat' dir='ltr'>in</span> <span class='ocrx_word' id='word_1_266' title='bbox 374 3579 634 3638; x_wconf 88' lang='lat' dir='ltr'>ambulationibus</span> <span class='ocrx_word' id='word_1_267' title='bbox 646 3580 760 3658; x_wconf 88' lang='lat' dir='ltr'>apertis</span> <span class='ocrx_word' id='word_1_268' title='bbox 775 3579 960 3656; x_wconf 89' lang='lat' dir='ltr'>vagandum,</span> <span class='ocrx_word' id='word_1_269' title='bbox 976 3585 1011 3638; x_wconf 93' lang='lat' dir='ltr'>ut</span> <span class='ocrx_word' id='word_1_270' title='bbox 1025 3579 1109 3638; x_wconf 91' lang='lat' dir='ltr'>caelo</span> <span class='ocrx_word' id='word_1_271' title='bbox 1122 3578 1220 3637; x_wconf 91' lang='lat' dir='ltr'>libero</span> 
     </span>
     <span class='ocr_line' id='line_1_36' title="bbox 217 3674 1001 3756; baseline -0.003 -20"><span class='ocrx_word' id='word_1_272' title='bbox 217 3686 248 3736; x_wconf 87' lang='lat' dir='ltr'>ct</span> <span class='ocrx_word' id='word_1_273' title='bbox 262 3676 360 3736; x_wconf 91' lang='lat' dir='ltr'>multo</span> <span class='ocrx_word' id='word_1_274' title='bbox 375 3676 486 3756; x_wconf 90' lang='lat' dir='ltr'>spiritu</span> <span class='ocrx_word' id='word_1_275' title='bbox 499 3683 611 3753; x_wconf 88' lang='lat' dir='ltr'>augeat</span> <span class='ocrx_word' id='word_1_276' title='bbox 625 3674 808 3755; x_wconf 88' lang='lat' dir='ltr'>attollatque</span> <span class='ocrx_word' id='word_1_277' title='bbox 826 3697 857 3733; x_wconf 91' lang='lat' dir='ltr'>se</span> <span class='ocrx_word' id='word_1_278' title='bbox 871 3677 1001 3735; x_wconf 83' lang='lat' dir='ltr'>animus,</span> 
     </span>
    </p>
   </div>
   <div class='ocr_carea' id='block_1_5' title="bbox 659 3827 735 3879">
    <p class='ocr_par' dir='ltr' id='par_1_6' title="bbox 659 3827 735 3879">
     <span class='ocr_line' id='line_1_37' title="bbox 659 3827 735 3879; baseline 0.026 -2"><span class='ocrx_word' id='word_1_279' title='bbox 659 3827 735 3879; x_wconf 75' lang='lat'>-78</span> 
     </span>
    </p>
   </div>
   <div class='ocr_carea' id='block_1_6' title="bbox 0 0 1335 4258">
    <p class='ocr_par' dir='ltr' id='par_1_7' title="bbox 0 0 1335 4258">
     <span class='ocr_line' id='line_1_38' title="bbox 0 0 1335 4258; baseline 0 0"><span class='ocrx_word' id='word_1_280' title='bbox 0 0 1335 4258; x_wconf 95' lang='lat' dir='ltr'> </span> 
     </span>
    </p>
   </div>
  </div>
 </body>
</html>
