2656 4258
242 151 321 216 176.
343 159 527 228 Quelques,
543 156 753 216 definitione
773 162 818 215 <ie
838 157 946 216 droit.

254 261 312 342 (De
333 261 456 344 aliquot
479 261 580 322 uerbis
603 262 635 321 in
651 263 729 346 jure
752 262 932 345 usurpatis.)

129 418 259 479 Justitia
285 427 332 480 est
355 428 499 481 constans
524 428 555 481 et
577 428 727 502 perpetua
752 421 895 480 voluntas
923 419 975 501 jus
1006 437 1094 479 suum
1121 414 1163 478 3'
1234 479 1240 492 ,

86 515 206 596 cuique
239 517 407 579 tribuendi.
442 519 690 598 lurisprudentia
726 526 772 578 est
804 517 978 576 divinarum
1003 524 1096 596 atque

86 612 299 672 humanarum
322 637 426 674 rerum
455 616 577 686 notitia,
600 615 677 695 justi
706 623 798 695 atque
824 614 931 695 injusti
955 613 1094 672 scientia.

85 708 177 767 Juris
198 719 351 790 praecepta
375 712 440 771 haec
464 721 558 772 sunt:
585 712 713 772 honeste
740 713 855 783 vivere,
882 710 1012 769 alterurn
1034 729 1096 768 non
1205 747 1208 752 »

85 806 215 880 laedere,
231 828 320 867 suum
339 809 451 889 cuique
470 809 617 869 tribuere.
643 808 802 868 Publicum
815 809 867 889 jus
887 815 943 880 est,
960 806 1043 886 quod
1058 805 1105 865 ad*

85 909 210 962 statum
231 905 275 964 rei
297 904 445 965 Romanae
469 913 606 985 spectot3
633 906 799 986 privatum,
824 906 907 986 quod
930 904 969 963 ad
993 903 1097 980 singu-

1 1075 2 1078 *
84 999 195 1058 lorum
211 1000 375 1061 utilitatem
389 1003 535 1082 pertinet.
549 1002 566 1060 J
571 1024 606 1061 us
619 1010 720 1082 autem
737 1001 828 1062 civile
844 1001 891 1061 vel
907 1001 1044 1080 gentium
1054 999 1108 1058 ita·
1153 1080 1158 1089 Ι

1 1089 2 1152 ἶ
84 1097 255 1157 dividitur.
274 1098 387 1158 Omnes
402 1099 521 1179 populi,
539 1098 592 1178 qui
608 1099 726 1177 legibus
739 1107 769 1158 et
784 1099 921 1158 moribus
936 1104 1109 1175 reguntur,

1 1215 2 1272 f
83 1193 207 1274 partim
231 1215 287 1253 suo
310 1197 445 1275 proprie,
469 1196 579 1275 partim
601 1196 757 1254 communi
782 1197 920 1254 omnium
938 1195 1097 1254 hominum

79 1291 161 1371 jure
189 1297 330 1352 utuntur.
362 1292 439 1351 Nam
467 1293 550 1372 quod
575 1293 705 1372 quisque
731 1293 865 1372 populus
884 1293 949 1373 ipso
968 1291 1026 1349 sibi
1045 1290 1099 1370 jus

83 1388 268 1463 constituit,
287 1389 319 1447 id
334 1389 431 1468 ipsius
449 1389 583 1448 civitatis
598 1390 758 1468 proprium
775 1399 831 1461 est,
847 1397 1035 1468 vocaturque
1046 1387 1098 1467 jus

1 1485 2 1559 q
86 1483 199 1557 civile,
213 1486 300 1565 quasi
308 1487 359 1566 jus
371 1486 529 1566 proprium
548 1486 644 1565 ipsius
659 1486 805 1546 civitatis.
821 1486 910 1552 Quod
924 1505 996 1544 vero
1011 1491 1099 1543 natu*

1 1561 2 1626 l
86 1581 170 1640 ralis
188 1582 267 1640 ratio
283 1583 364 1642 inter
383 1603 489 1641 omnes
504 1582 645 1641 homines
659 1583 832 1656 constituit,
847 1583 877 1640 id
893 1582 975 1662 apud
993 1601 1099 1640 omnes

83 1699 239 1759 peraeque
258 1680 443 1751 custoditur,
468 1687 659 1759 vocaturque
681 1679 735 1759 jus
758 1680 906 1757 gentium,
931 1679 1018 1758 quasi
1037 1698 1099 1758 quo

1 1773 2 1866 l
79 1776 161 1857 jure
187 1796 293 1834 omnes
316 1783 421 1854 gentes
448 1783 586 1835 utantur.
611 1776 669 1834 Sed
693 1777 843 1835 naturalia
871 1775 995 1856 quidem
1016 1774 1097 1855 jura,

1 1869 2 1934 l
83 1893 163 1952 quae
184 1872 265 1951 apud
290 1893 396 1931 omnes
415 1880 522 1951 gentes
542 1893 684 1952 peraeque
705 1881 877 1943 servantur,
899 1871 1003 1948 divina
1025 1893 1101 1952 qua·
1200 1873 1204 1880 '

1 1949 2 2030 l
83 1970 164 2028 dam
187 1969 383 2048 providentia
404 1971 584 2040 constituta,
602 1989 722 2049 semper
740 1970 826 2028 firma
848 1975 939 2049 atque
958 1969 1100 2027 immuta·

1 2033 3 2144 l
84 2066 166 2126 bilia
191 2075 383 2144 permanent.
410 2067 453 2126 Ea
475 2087 549 2125 vero
575 2085 643 2146 quae
667 2067 733 2145 ipsa
757 2066 814 2124 sibi
839 2086 969 2146 quaeque
991 2065 1100 2124 civitas

83 2163 270 2232 constituit,
290 2182 371 2243 saepe
390 2165 502 2224 mutari
518 2163 616 2222 solent
634 2163 681 2221 vel
699 2164 793 2222 tacito
813 2183 964 2222 consensu
979 2161 1098 2242 populi,

1 2259 2 2338 l
84 2260 140 2320 vel
158 2259 221 2320 alia
237 2259 304 2337 lege
321 2269 426 2340 postea
441 2261 512 2322 lata.

148 2482 236 2539 177.
258 2482 329 2538 Sur
347 2482 402 2538 les
421 2483 518 2538 mots
536 2481 696 2551 rogatio,
717 2482 789 2546 lex,
808 2481 1051 2551 plebiscitum.

2 2606 7 2675 q
91 2583 201 2666 (Quid
216 2583 282 2645 sihi
299 2585 395 2644 velint
414 2585 564 2644 vocabula
582 2611 595 2640 o
613 2584 744 2666 roqatiO,
768 2585 827 2659 lec,
839 2584 1043 2667 plebiscitum
1060 2587 1099 2665 m]

131 2743 263 2804 Atieius
297 2744 419 2823 Capit0,
444 2743 558 2824 publici
588 2744 763 2824 privatique
780 2743 861 2824 juris
884 2745 1098 2825 peritissimus,
1126 2749 1167 2813 3⁰

87 2841 174 2924 quid
202 2841 249 2899 lex
274 2849 355 2898 esset
377 2841 459 2900 hisce
484 2841 586 2899 verbis
608 2841 771 2902 delinivit:
790 2866 804 2898 u
823 2843 895 2914 Lex,
921 2842 1033 2921 inquit,
1055 2847 1101 2899 est

86 2939 242 3020 generale
261 2938 381 3017 jussum
403 2938 509 3017 populi
525 2944 578 2996 aut
594 2939 703 3017 plebis,
721 2946 848 3016 rogante
868 2939 1058 3016 magistratu.
1085 2962 1099 2992 »

84 3037 222 3098 Plebem
240 3035 350 3113 Capito
369 3035 400 3092 in
416 3056 450 3093 ea
466 3035 645 3093 definitione
659 3055 796 3094 seorsum
811 3056 825 3093 a
840 3036 954 3115 populo
970 3035 1075 3093 divisit
1092 3054 1098 3095 :

83 3132 245 3216 quoniam
279 3131 310 3188 in
339 3131 454 3211 populo
479 3132 579 3190 omnis
599 3153 670 3211 pars
690 3133 824 3194 civitatis
846 3153 1013 3212 omnesque
1035 3132 1101 3212 ejus

83 3231 221 3291 ordines
237 3228 470 3300 contineantur;
490 3227 595 3308 plebes
612 3250 686 3287 vero
706 3249 740 3287 ea
761 3229 885 3300 dicitur,
900 3230 931 3287 in
952 3250 1012 3308 qua
1028 3250 1101 3308 gen-

83 3340 136 3390 tes
162 3325 283 3386 civium
307 3313 443 3403 patriciae
473 3346 534 3384 non
557 3326 672 3385 insunt.
698 3324 896 3384 Plebiscitum
921 3326 1015 3403 igitur
1043 3334 1106 3398 est,-

6 3417 7 3422 .
83 3422 268 3486 secundum
298 3421 493 3500 Capitonem,
524 3421 573 3481 lex
599 3443 691 3501 quam
718 3423 833 3501 plebes,
865 3443 925 3480 non
955 3423 1099 3502 populus,

82 3520 225 3600 accipit,
247 3518 300 3577 sed
320 3518 416 3576 totius
436 3518 529 3599 hujus
548 3518 592 3577 rei
611 3519 762 3599 jurisque,
785 3519 849 3577 sive
867 3540 937 3578 cum
955 3520 1099 3599 populna,

83 3620 157 3679 sive
169 3637 243 3676 cum
259 3614 364 3695 plebes
383 3622 519 3693 rogatur,
537 3615 602 3674 sive
624 3616 708 3696 q‘uod
723 3617 760 3674 ad
778 3616 939 3676 universos
954 3617 1107 3696 pertinet,

82 3720 190 3796 caput
207 3713 310 3792 ipsum
326 3718 357 3770 et
369 3712 455 3790 origo
476 3719 506 3770 et
525 3712 612 3791 quasi
633 3713 702 3772 fons
721 3713 841 3791 rogatio
860 3720 917 3774 est.
937 3715 997 3772 lsta
1020 3714 1099 3771 enini

522 3902 679 3954 -123-
