2682 4258
6 89 11 220 l
195 178 270 236 447
297 179 368 234 Les
382 177 508 246 peines
522 180 559 234 et
571 179 626 235 tes
641 176 811 247 voluptes
826 179 871 233 de
883 177 989 234 l’ame
1005 178 1088 234 sont

337 267 421 336 plus
435 267 539 323 vives
555 280 623 336 que
639 267 752 324 celles
765 267 813 321 du
825 277 946 335 corps.

145 361 292 444 (Majores
306 370 379 422 sunt
394 361 495 422 animi
506 383 600 440 qnam
615 360 754 444 eorporis
767 360 938 443 voluptates
951 367 980 421 et
994 359 1140 440 dolores.)

184 537 294 597 Nullus
323 537 354 596 in
385 538 460 618 ipsis
485 559 570 598 error
597 547 643 600 est
671 538 785 600 tinibus
813 538 965 598 honorum
992 545 1022 596 et
1048 536 1143 596 malo·
1169 533 1207 596 2ε

144 655 223 705 rum,
241 635 272 693 id
292 643 339 694 est
359 635 389 693 in
413 635 571 714 voluptate
586 635 698 710 aut'in
717 635 836 709 dolore;
861 635 913 693 sed
934 635 965 693 in
987 635 1024 692 iis
1053 633 1143 692 rebus

146 738 285 810 peccant,
304 752 385 801 curn,
409 753 424 790 e
444 732 557 810 quilius
577 731 642 790 haec
662 731 843 804 elliciantur,
864 732 1016 810 ignorant.
1039 730 1142 791 Animi

144 835 247 886 autem
276 828 452 908 voluptates
478 836 509 888 et
537 829 658 888 dolores
692 828 774 889 nasci
802 829 935 886 fatemur
963 849 979 886 e
1005 827 1143 906 corporis

145 924 358 1003 voluptatibus
384 932 414 984 et
441 925 611 986 doloribus.
641 927 747 1006 ltaque
776 925 922 998 concedo,
953 923 1144 1004 quodmodo

143 1021 280 1095 dicebaS,
304 1021 412 1080 cadere
434 1043 540 1100 causa,¹
554 1023 578 1080 si
599 1023 650 1102 qui
668 1043 684 1082 c
705 1023 819 1082 nostris
838 1021 926 1091 aliter
945 1021 1142 1080 existimant:

142 1138 223 1198 quos
236 1118 361 1197 quidem
374 1117 465 1178 video
480 1139 546 1177 esse
559 1119 684 1190 multos,
700 1118 752 1177 sed
767 1119 937 1198 imperitos.
952 1117 1144 1199 Quamquam

144 1221 248 1273 autem
276 1221 306 1272 et
328 1214 466 1274 laetitiam
500 1215 589 1274 nobis
614 1216 758 1295 voluptas
783 1215 889 1286 animi,
916 1223 947 1274 et
973 1214 1144 1274 molestiam

143 1309 234 1369 dolor
255 1313 372 1384 afferat,
411 1333 517 1371 eorum
541 1319 645 1371 tamen
669 1321 832 1391 utrumque
856 1320 887 1371 et
908 1320 1010 1374 ortum
1036 1331 1102 1370 esse
1118 1330 1147 1373 e

143 1428 274 1486 corpore
302 1415 333 1467 et
368 1408 406 1466 ad
431 1429 543 1488 corpus
564 1407 682 1483 referri,
711 1430 767 1468 nec
789 1409 828 1468 ob
848 1429 913 1467 eam
937 1429 1060 1468 causam
1082 1427 1145 1469 non

146 1504 244 1563 multo
259 1505 391 1585 majores
412 1526 477 1563 esse
497 1512 528 1564 et
547 1505 722 1584 voluptates
742 1513 773 1564 et
791 1505 912 1564 dolores
937 1505 1031 1564 animi
1054 1524 1146 1584 quarn

143 1601 295 1679 corporis.
318 1601 396 1660 Nam
416 1623 545 1682 corpore
565 1602 653 1675 nihil,
670 1603 729 1661 nisi
757 1623 893 1683 praesens
907 1611 937 1661 et
951 1601 1034 1681 quod
1046 1601 1144 1673 adest,

144 1698 261 1756 sentire
283 1719 464 1777 possumus;
499 1700 601 1757 animo
622 1707 724 1758 autern
746 1708 777 1758 et
798 1699 956 1779 praeterita
977 1705 1007 1756 et
1029 1698 1144 1756 futura.

148 1794 190 1852 Ut
214 1794 294 1852 enim
317 1815 403 1875 aequc
427 1795 585 1855 doleamus
609 1797 722 1865 animo,
748 1817 817 1855 cum
840 1816 967 1874 corpore
995 1794 1145 1866 dolemus,

144 1890 212 1949 fieri
228 1898 331 1950 tamen
346 1913 513 1971 permagna
529 1893 664 1952 accessio
686 1899 797 1972 potest,
818 1893 840 1950 si
857 1892 981 1971 aliquod
998 1898 1147 1950 aeternum

147 1994 178 2045 et
188 1987 343 2048 infinitum
358 1988 534 2067 impendere
546 1989 660 2047 malum
672 1989 761 2047 nobis
774 1989 946 2067 opinemur.
965 1987 1052 2055 Quod
1066 1987 1146 2044 idem

144 2083 219 2143 licet
234 2085 402 2164 transferre
415 2086 446 2143 in
463 2084 664 2165 voluptatem,
682 2093 717 2145 ut
732 2107 766 2143 ea
779 2086 878 2166 major
891 2086 941 2157 sit,
955 2085 978 2142 si
995 2083 1073 2142 nihil
1088 2083 1148 2142 tale
1210 2151 1215 2162 .

147 2187 331 2240 metuamus.
354 2182 422 2240 Jam
445 2181 521 2240 illud
539 2183 662 2262 quidem
683 2182 879 2262 perspicuum
901 2181 957 2252 est,
984 2181 1147 2240 maximam

145 2277 242 2335 animi
260 2285 314 2336 aut
336 2278 526 2357 voluptatem
547 2287 600 2337 aut
620 2279 791 2338 molestiam
812 2278 880 2358 plus
900 2286 953 2337 aut
970 2278 1008 2336 ad
1027 2277 1147 2336 beatam

146 2381 204 2432 aut
217 2373 255 2432 ad
266 2373 409 2433 miseram
420 2375 514 2434 vitam
529 2377 635 2434 allerre
648 2375 797 2434 momenti
809 2396 900 2457 quam
913 2396 1018 2434 eorum
1032 2382 1150 2432 utrum·

151 2469 211 2542 vis,
228 2470 254 2528 si
268 2491 355 2550 aeque
371 2471 423 2529 diu
440 2472 480 2531 sit
495 2471 526 2530 in
539 2492 677 2551 corpore.

287 2701 371 2758 448.
392 2704 447 2758 La
460 2702 587 2758 ‘colere
607 2704 666 2758 est
685 2715 755 2758 une
774 2703 901 2760 courte
920 2701 1017 2758 folle.

430 2797 431 2800 ’
454 2797 516 2877 (Ira
538 2797 631 2877 saror
651 2796 754 2856 brevis
776 2797 846 2877 est.)

191 2963 322 3032 Quidam
338 2985 375 3022 ex
390 2965 580 3043 sapientibus
595 2964 669 3022 viris
682 2964 756 3022 iram
774 2953 918 3024 dixerunt
930 2964 1054 3023 brevem
1069 2964 1152 3024 insa·
1178 2975 1216 3038 2⁰

151 3061 247 3119 niam.
266 3045 371 3139 Aeque
384 3061 464 3118 enim
481 3061 635 3139 impotens
651 3061 697 3118 sui
715 3068 772 3134 est,
789 3061 908 3120 decoris
921 3061 1027 3133 oblita,
1048 3081 1151 3120 neces-

145 3157 321 3216 situdinum
342 3157 512 3228 immernor,
536 3158 567 3215 in
588 3156 670 3237 quod
694 3157 796 3236 coepit
817 3158 958 3236 pertinax
976 3165 1006 3216 et
1020 3157 1149 3230 intenta,

146 3253 263 3312 rationi
277 3253 474 3334 consiliisque
489 3253 657 3332 praeclusa,
676 3254 764 3312 vanis
783 3255 897 3331 agitata
912 3254 1022 3319 causis,
1037 3254 1073 3312 ad
1090 3254 1152 3312 dis-

149 3358 276 3430 pectum
303 3351 393 3429 aequi
422 3351 547 3429 verique
573 3350 728 3422 inhabilis,
759 3351 855 3408 ruinis
879 3351 1043 3422 simillima,
1074 3372 1153 3431 quae

147 3468 245 3527 super
259 3447 288 3504 id
306 3447 389 3525 quod
409 3468 588 3526 oppressere
610 3448 805 3525 franguntur.
825 3447 866 3504 Ut
881 3447 958 3516 scias
972 3455 1074 3506 autem
1091 3469 1152 3506 non

146 3564 218 3602 -esse
254 3564 437 3622 sanosquos
465 3545 510 3602 ira
541 3545 689 3623 possedit,
720 3545 820 3623 ipsum
856 3539 977 3607 illorum
1014 3545 1153 3604 habitum

147 3641 283 3698 intuere.
309 3641 385 3698 Nam
407 3649 439 3698 ut
462 3641 628 3699 furentium
653 3649 735 3699 certa
761 3640 873 3699 indicia
896 3649 980 3713 sunt,
1004 3641 1104 3700 audax
1123 3649 1154 3700 et

150 3738 259 3796 minax
284 3737 401 3799 vultus
424 3737 522 3796 tristis
545 3737 641 3809 frons,
666 3744 755 3797 torva
775 3737 878 3812 facies,
902 3739 1014 3797 citatus
1029 3738 1152 3816 gradus,

574 3923 734 3975 -325-
