2670 4252
18 11 328 149 w

149 125 207 214 7'1‘.
228 145 434 216 E'duoation
449 156 588 216 donnes
607 158 633 215 e
650 123 796 216 Horace
811 154 1073 226 personuere.

112 260 286 342 (Quomodo
317 264 353 337 Q.
382 261 531 324 Horatios
557 262 690 322 Flaccus
719 268 851 344 epatre
877 261 1024 321 educatus
1045 257 1111 342 sit.)

110 421 256 502 Atqui‚si
277 423 360 480 vitiis
382 422 588 480 mediocribus
609 441 645 480 ac
665 442 732 480 mea
754 421 859 500 paucis

110 517 262 577 Mendosn
284 526 330 577 est
352 527 471 590 nutura,
496 519 610 598 alioqui
633 526 726 587 recta,
751 517 836 576 vetut
857 517 882 576 si

109 615 244 692 Egregie
266 616 419 694 inspersos
441 615 645 694 reprehendas
668 633 796 693 corpore
812 634 926 692 naevos„

110 711 213 770 Causa
236 711 308 769 fuitr
338 712 483 782 morbis,
506 712 571 791 qui,
595 731 699 769 mucro
721 731 838 790 pauper
859 710 969 788 agello,

108 807 220 866 Noluit
243 809 273 865 in
297 807 382 867 Flavi
405 807 512 866 ludum
535 828 583 866 me
605 809 737 877 mittere,
762 807 865 884 magni

108 905 179 971 Quo
202 903 304 983 pueri,
328 905 447 982 magnis
469 925 484 963 e
507 903 739 963 centurionibus
761 902 830 974 orti,

108 1001 205 1058 Loevo
228 1001 368 1079 suspensi
391 1000 506 1058 loculos
529 999 725 1079 tabulamque
747 1000 871 1068 lacerto,
943 1033 945 1042 ι

108 1097 202 1155 Ibunt
224 1097 533 1156 octonosreferentcs
556 1096 661 1155 Idibus
683 1097 764 1158 aeris.

106 1193 172 1252 Sed
195 1213 326 1272 puerum
349 1201 396 1252 est
416 1213 508 1252 ausus
531 1193 661 1252 Romam
684 1199 807 1272 portare
829 1191 1003 1251 docendum

106 1291 213 1362 Artes,
238 1309 315 1368 quus
337 1289 447 1349 doceat
469 1290 570 1370 quivis
593 1309 686 1369 eques
708 1297 800 1367 atque
822 1296 945 1347 senator

106 1387 215 1444 Semet
237 1393 416 1464 prognatos.
440 1386 564 1445 Vestem
586 1405 753 1466 servosque
775 1393 938 1465 sequentes

107 1483 158 1556 (ln
180 1503 292 1560 magno
315 1488 350 1541 ut
370 1483 498 1562 populo)
521 1483 545 1540 si
568 1483 637 1562 quis
658 1483 798 1551 vidisset,
822 1483 904 1541 avita

107 1579 156 1636 Ex
178 1599 210 1636 re
233 1579 362 1658 praeberi
385 1587 525 1658 sumptus
547 1579 622 1637 mihi
644 1579 782 1638 crederet
804 1578 884 1637 illue.

108 1677 180 1754 lpse
202 1675 277 1732 mihi
299 1683 403 1734 custos
425 1676 708 1755 incorruptissimus
731 1695 836 1734 omnes

106 1772 237 1832 Circum
260 1771 401 1831 doctores
422 1772 538 1832 aderat.
562 1772 641 1840 Quid
664 1773 785 1830 multu?
808 1771 965 1850 pudicum,

105 1868 172 1934 Qui
192 1857 310 1947 primus
333 1868 456 1926 virtutis
478 1868 587 1939 honos,
611 1867 747 1926 servavit
768 1868 805 1926 ab
828 1868 912 1926 omni

106 1965 181 2023 Non
203 1965 303 2023 solum
326 1964 418 2035 facto,
443 1969 549 2023 verum
571 1965 738 2044 opprobrio
761 1985 883 2044 quoque
905 1963 1010 2042 turpi3

106 2061 175 2120 Nec
195 2061 301 2120 timuit
322 2061 380 2119 sibi
403 2081 441 2120 ne
463 2061 538 2120 vitio
561 2063 628 2141 quis
651 2069 795 2131 verteret,
819 2061 892 2120 olim
999 2077 1001 2084 ·

102 2158 138 2216 Si
164 2177 264 2236 praeco
286 2153 407 2236 parvos,
432 2164 495 2230 aut,
520 2165 553 2216 ut
573 2158 634 2217 suit
655 2159 730 2238 ipse,
755 2165 888 2228 coactor,

103 2253 269 2313 Mercedes
283 2274 440 2333 sequerer3
459 2275 557 2333 noque
572 2275 629 2332 ego
643 2275 739 2313 essem
752 2261 896 2335 questus:
915 2259 946 2313 at
961 2254 1020 2312 hoc
1030 2273 1114 2312 nunc

104 2351 190 2408 Laus
211 2349 255 2406 illi
277 2348 407 2407 debetur
428 2355 459 2408 et
480 2371 496 2407 a
519 2371 566 2408 me
588 2351 687 2427 gratia
708 2350 817 2429 major.

105 2525 168 2604 72.
188 2543 246 2600 Un
268 2541 380 2612 jeune
405 2544 559 2604 Romaiu
584 2557 698 2614 songe
724 2557 798 2601 aux
817 2544 986 2600 funestes
1007 2543 1113 2600 effets

474 2632 540 2687 des
558 2631 746 2699 passione.

154 2733 327 2815 (Romanus
350 2732 480 2816 quidum
501 2734 682 2794 oriulesceus
705 2735 820 2816 coqitot
841 2756 945 2795 secum
968 2755 1064 2817 quom

366 2830 447 2890 mele
468 2829 628 2912 cupidines
649 2831 841 2912 succedent.)

107 2971 240 3048 Egomet
259 2992 308 3030 me
330 2991 430 3051 coquo
451 2978 483 3031 et
502 2993 623 3032 macero
645 2981 675 3032 et
696 2973 848 3051 defetigo;

107 3067 257 3145 Magister
278 3065 353 3151 inihi
375 3068 526 3128 exercitur
546 3069 667 3128 animus
689 3091 770 3128 nunc
793 3078 848 3130 est.

107 3163 170 3222 Sed
192 3164 249 3224 hoc
270 3184 334 3224 non
355 3165 461 3246 liquet,
485 3153 541 3225 nec
562 3166 636 3225 satis
658 3167 826 3245 cogitatum
848 3174 904 3240 est,

108 3261 247 3320 Amorin'
269 3282 318 3320 me
340 3279 378 3321 an
399 3261 443 3320 rei
465 3261 592 3343 obsequi
614 3263 718 3342 potius
740 3284 794 3342 par
816 3265 878 3334 sit;

109 3355 218 3416 Utrum
239 3359 342 3438 potius
364 3358 471 3418 harum
493 3359 568 3416 mihi
590 3366 685 3418 artem
708 3366 910 3439 expetessam,

111 3451 188 3510 Utra
207 3455 238 3512 in
259 3462 347 3534 parte
370 3455 440 3534 plus
462 3455 503 3515 sit
523 3455 692 3536 voluptatis
714 3457 798 3516 vitae.

109 3550 161 3608 De
170 3548 224 3609 hac
232 3551 349 3610 remihi
358 3551 522 3610 satishaud
530 3552 629 3632 liquet
639 3571 646 3612 τ
657 3552 783 3612 nisihoc
792 3553 966 3627 mesticiam,
984 3554 1107 3636 opinor,

111 3646 157 3705 Ut
169 3653 326 3728 utramque
337 3668 403 3706 rem
414 3647 504 3706 simul
516 3656 669 3731 exputem‚
677 3649 774 3730 judex
788 3650 844 3708 sim
854 3671 985 3730 reusque
995 3650 1033 3710 ud
1042 3673 1109 3711 eam

1020 3747 1109 3826 [rem.

196 3840 235 3882 Vie
244 3843 325 3894 prinde
338 3841 375 3882 u'es
392 3841 511 3886 Romulos.
1017 3845 1030 3884 4
