2682 4258
533 177 660 216 MORALE.
683 189 723 199 -·
744 176 930 214 annosorum

230 271 271 330 ris
286 271 381 330 animi
395 272 496 332 virum
517 273 663 332 Laelium.
683 273 768 352 Elige
786 294 867 348 eum,
884 273 974 354 cujus
993 274 1050 333 tibi
1069 274 1186 354 placuit
1202 283 1236 334 et

230 366 293 427 vita
321 376 353 427 et
380 370 479 428 oratio
504 378 535 428 et
562 370 627 449 ipse
657 370 792 429 animum
820 378 891 430 ante
916 391 947 430 se
970 372 1072 430 serens
1096 371 1231 432 vultus:

228 462 315 523 illum
340 465 396 524 tibi
419 487 540 545 semper
560 467 688 526 ostende
711 466 759 526 vel
783 467 943 526 custodem
968 468 1017 526 vel
1042 467 1231 548 exemplum.

202 603 206 610 -
228 559 315 640 Opus
338 568 395 631 est,
416 562 553 641 inquam,
577 563 680 643 aliquo
702 563 740 622 ad
761 584 853 643 quem
876 585 976 622 mores
997 565 1095 624 nostri
1116 585 1147 624 se
1172 565 1233 644 ipsi

227 657 350 736 exigant
367 677 374 718 :
388 659 447 718 nisi
462 658 501 718 ad
513 659 648 737 regulam
662 681 755 740 prava
769 681 830 719 non
844 661 989 739 corriges.

278 817 365 873 441.
385 817 607 886 N'ajournez
632 831 703 887 pas
728 815 863 875 l’e'tude
883 821 927 875 de
946 821 986 876 la
1004 831 1175 890 segesse.

425 903 613 985 {Sapientiae
634 903 774 964 studium
790 905 921 985 differre
939 905 1027 986 noli.)

158 1009 211 1069 Bb.
266 1018 356 1077 Libet
387 1038 424 1077 ex
458 1019 612 1078 seniorum
646 1019 736 1078 turba
768 1020 1029 1100 comprehendere
1066 1021 1228 1101 aliquem:
1334 1017 1335 1072 l

228 1139 241 1169 u
266 1115 445 1174 Pervenisse
470 1122 501 1174 te
527 1116 565 1178 ad
588 1117 730 1174 ultimum
757 1118 876 1196 aetatis¹
891 1117 1043 1177 humanae
1072 1117 1228 1179 videmus,
1334 1109 1335 1196 l

224 1210 418 1272 Centesimus
446 1212 503 1271 tibi
532 1212 580 1271 vel
611 1233 704 1292 supra
731 1214 883 1294 premitur
913 1234 1012 1274 annus
1039 1233 1048 1275 t
1079 1213 1226 1292 agedum,
1334 1203 1335 1284 l

222 1308 262 1368 ad
297 1310 562 1388 computationem
597 1317 728 1368 aetatem
758 1301 842 1370 tuam
871 1331 994 1370 revoca.
1032 1311 1092 1370 Dic
1127 1333 1228 1391 quan·

1334 1487 1335 1528 i

222 1413 289 1465 tum
310 1425 348 1464 ex
365 1405 425 1464 isto
443 1414 581 1486 tempore
599 1405 734 1464 creditor
748 1407 921 1479 abstulerit,
944 1415 1093 1487 quantum
1112 1408 1223 1476 cliens,
1334 1447 1335 1480 2

221 1508 374 1582 quantum
391 1502 428 1560 lis
450 1503 566 1574 uxoria,
584 1511 734 1582 quantum
755 1504 891 1563 officiosa
905 1524 961 1583 per
981 1505 1088 1562 urbem
1104 1504 1227 1564 discur-

222 1599 312 1659 sati0.
327 1599 434 1678 Adjice
450 1598 584 1664 morbos,
602 1621 680 1679 quos
700 1620 793 1659 manu
816 1600 956 1660 fecimus.
971 1601 1081 1680 Adjice
1097 1601 1182 1681 quod
1195 1610 1229 1660 et

222 1694 289 1754 sine
300 1716 355 1754 usu
371 1697 469 1775 jacuit
486 1714 493 1755 ε
517 1696 636 1755 videbis
651 1704 681 1756 te
697 1697 858 1777 pauciores
876 1717 973 1756 annos
997 1695 1110 1756 habere
1130 1719 1226 1778 quam

223 1812 377 1853 numeras.
408 1793 524 1872 Repete
548 1794 692 1852 memoria
714 1800 817 1853 tecum
844 1794 969 1874 quando
993 1793 1048 1852 tibi
1075 1815 1149 1853 usus
1176 1797 1224 1854 tui

221 1888 325 1960 suerit,
343 1889 416 1968 quid
437 1889 492 1948 tibi
516 1889 546 1948 in
564 1896 625 1948 tam
644 1890 736 1968 longo
756 1911 832 1949 aevo
851 1890 925 1950 facti
940 1891 1042 1970 operis
1060 1891 1110 1964 sit,
1128 1913 1223 1972 quam

221 1986 311 2044 multi
329 1985 423 2044 vitam
444 1993 528 2046 tuam
550 1985 745 2065 diripuerint,
762 1995 791 2046 te
812 2008 874 2046 non
894 1988 1045 2046 sentiente
1066 1987 1140 2067 quid
1154 2009 1224 2068 per·

220 2082 318 2154 derce,
335 2090 485 2161 quantum
504 2104 601 2142 vanus
614 2083 712 2152 dolor,
729 2084 821 2143 stulta
843 2084 971 2157 laetitia,
991 2084 1081 2144 avida
1103 2085 1227 2164 cupidi-

220 2185 266 2237 tas
291 2179 463 2249 abstulerit,
487 2200 579 2259 quam
602 2181 746 2258 exiguum
769 2181 826 2239 tibi
850 2180 888 2239 de
909 2187 965 2239 tuo
990 2179 1132 2240 relictum
1153 2181 1221 2242 sit:

219 2275 377 2353 intelleges
394 2281 423 2334 te
441 2275 639 2335 immaturum
658 2277 777 2337 mori».
797 2277 877 2345 Quid
900 2298 973 2355 ergo
993 2277 1088 2336 estin
1107 2281 1225 2337 causa?

217 2373 387 2452 Tamquam
407 2392 528 2452 semper
545 2373 657 2431 victuri
675 2373 791 2434 vivitis.
811 2375 987 2454 Numquam
1001 2374 1090 2433 vobis
1105 2374 1225 2451 fragili-

208 2476 265 2530 tas
288 2476 390 2527 vestra
412 2469 574 2530 succurrit.
600 2471 668 2528 Non
692 2469 863 2530 observati-s
886 2479 1036 2551 quantum
1056 2471 1122 2550 jam
1144 2478 1224 2530 tem-

219 2566 302 2646 poris
319 2566 484 2625 transierit.
502 2567 595 2625 Velut
607 2588 644 2625 ex
657 2567 748 2646 pleno
764 2575 794 2626 et
809 2567 978 2626 abundanti
991 2567 1132 2647 perditis,
1150 2588 1222 2627 cum
1253 2573 1257 2577 ’

218 2662 339 2722 interim
370 2662 499 2722 fortasse
522 2663 573 2722 ille
599 2663 663 2742 ipse
687 2664 738 2742 qui
766 2664 858 2722 alicui
882 2664 931 2722 vel
958 2664 1075 2722 homini
1102 2663 1152 2722 vel
1176 2666 1222 2724 rei
1335 2735 1336 2750 χ

217 2759 351 2818 donatur
367 2758 432 2818 dies
452 2759 580 2819 ultimus
596 2761 646 2818 sit.
663 2761 774 2820 Omnia
795 2768 950 2840 tamquam
970 2760 1115 2820 mortales
1130 2761 1223 2820 time·
1335 2777 1336 2824 3

217 2856 267 2927 tis,
285 2855 387 2915 omnia
403 2863 560 2936 tamquam
578 2857 766 2916 immortales
781 2857 1011 2936 concupiscitis
1025 2856 1142 2916 Audies
1155 2857 1224 2937 ple·
1335 2885 1336 2896 ¹

216 2973 329 3032 rosque
344 2951 501 3014 dicentes:
523 2975 571 3012 «a
591 2953 847 3032 quinquagesimo
864 2975 944 3012 anno
966 2954 998 3012 in
1018 2954 1115 3012 otium
1136 2973 1222 3013 sece-

217 3050 298 3108 dam.
312 3050 528 3126 Sexagesimus
538 3071 587 3109 me
597 3071 696 3109 annus
709 3051 745 3108 ab
761 3051 869 3109 officiis
882 3050 1027 3109 dimittet.
1047 3075 1060 3105 »
1074 3051 1113 3108 Et
1126 3071 1220 3130 quem

217 3147 340 3204 tandem
363 3146 511 3225 longioris
535 3147 617 3206 vitae
638 3146 781 3225 praedem
804 3147 938 3227 accipis?
962 3147 1036 3215 Quis
1058 3147 1116 3207 ista
1138 3147 1223 3207 sicut

216 3242 354 3322 disponis
377 3244 421 3303 ire
445 3244 603 3323 patietur?
626 3244 695 3301 Non
714 3244 811 3322 pudet
836 3251 866 3302 te
887 3243 1032 3324 reliquias
1054 3231 1136 3303 vitae
1159 3244 1222 3303 tibi

216 3359 372 3399 reservare
385 3348 415 3399 et
430 3340 461 3398 id
476 3340 574 3400 solum
589 3348 710 3419 tempus
725 3340 823 3399 bonae
839 3341 934 3399 menti
952 3340 1116 3412 destinare,
1134 3342 1223 3420 quod

215 3435 248 3493 in
264 3436 378 3495 nullam
394 3458 457 3495 rem
468 3437 601 3496 conferri
614 3437 710 3516 possit
720 3438 734 3494 ‘l
746 3437 842 3504 Quam
857 3457 957 3496 serum
969 3445 1015 3496 est
1025 3444 1099 3496 tunc
1113 3437 1221 3498 vivere

215 3531 363 3612 incipere,
380 3554 450 3592 cum
464 3534 666 3592 desinendum
681 3542 727 3592 est
740 3536 755 3593 ‘l
768 3533 851 3600 Quae
864 3542 925 3593 tam
941 3534 1036 3592 stulta
1049 3533 1221 3594 mortalita-

216 3629 255 3687 tis
282 3629 397 3688 oblivio
421 3629 453 3688 in
477 3631 766 3710 quinquagesimum
792 3639 823 3690 et
849 3631 1070 3710 sexagesimum
1101 3651 1219 3690 annum

214 3724 336 3784 dillerre
346 3747 420 3785 sana
428 3726 596 3801 consilia,et
607 3727 678 3786 inde
690 3727 766 3786 velle
777 3729 873 3787 vitam
884 3727 1028 3787 inchoare
1050 3747 1112 3809 quo
1124 3729 1219 3808 pauci

215 3823 451 3902 perduxerunt?

640 3933 673 3942 ·-
691 3904 743 3956 320
762 3933 794 3944 -
