2682 4258
368 225 454 282 469.
474 225 523 282 Le
541 223 626 295 prix
643 195 693 282 ¹du
711 226 843 293 temps.

274 327 275 332 ’
345 320 456 402 (Quam
479 319 520 380 sit
535 319 712 402 pretiosum
735 319 882 402 tempus.)

122 473 126 480 ·
148 451 321 513 Vindicate
334 453 401 526 tibi,
419 461 449 513 et
464 460 597 533 tempusa,
614 453 695 534 quod
711 451 812 512 adhuc
831 460 884 512 aut
898 452 1105 526 auferebatur,
1118 451 1162 508 nn

108 556 163 626 dut
180 550 419 630 subripiebatur,
432 558 485 609 aut
498 537 667 623 excidebat,
682 549 791 627 collige
802 557 833 608 et
842 570 940 609 serva.
954 550 1108 609 Persuade

110 641 167 706 tibi
186 647 246 706 hoc
261 646 304 707 sic
319 669 395 720 esse,
412 656 446 706 ut
463 647 583 708 scribo:
603 647 754 727 quaedam
777 655 915 725 tempora
935 639 1110 726 eripiuntur

110 743 210 816 nobis,
232 745 381 824 quaedam
402 745 628 815 subducuntur,
649 744 797 823 quaedam
820 745 960 802 cllluunt‘.
983 743 1110 822 Turpis—

108 838 187 900 sima
207 848 309 900 tamen
326 847 373 900 est
391 842 523 921 jactura,
544 861 623 921 quae
642 860 698 919 per
716 839 942 918 neglegentiam
962 840 1007 898 fit.
1030 835 1117 898 Etsi

108 938 245 997 volueris
261 939 436 1011 adtendere,
450 938 580 996 maxima
598 959 667 1018 pars
680 937 762 996 vitae
778 937 909 995 elabitur
922 937 999 995 male
1015 957 1110 1015 agen·

109 1035 205 1107 tibus,
234 1056 343 1112 magna
377 1035 458 1106 nihil,
482 1034 654 1113 agentibus
684 1042 749 1102 tota
782 1035 846 1092 vita
883 1033 964 1092 aliud
992 1032 1110 1111 agenti-

110 1132 179 1192 bus.
219 1132 314 1199 Quem
342 1131 417 1190 mihi
441 1131 539 1203 dabis,
571 1131 623 1212 qui
654 1129 777 1210 aliquod
810 1131 944 1210 pretium
978 1129 1110 1212 tempori

109 1236 217 1309 ponat,
234 1229 287 1308 qui
301 1229 381 1287 diem
396 1229 549 1296 aestimet,
564 1228 617 1308 qui
636 1227 797 1304 intellegat
810 1249 840 1285 se
853 1227 991 1308 quotidie
1008 1226 1111 1296 mori?

115 1326 213 1385 lnboc
231 1325 311 1384 enim
334 1325 478 1399 fallimur,
500 1324 583 1404 quod
606 1333 735 1382 mortem
756 1309 983 1404 prospicimus:
999 1343 1109 1401 magna

110 1439 181 1502 pars
197 1422 263 1501 ejus
277 1422 342 1501 jam
360 1422 531 1502 praeteriit.
551 1421 707 1500 Quidquid
728 1417 838 1480 laetatis
855 1429 937 1479 retro
954 1429 1010 1494 est,
1027 1439 1110 1478 mors

109 1526 207 1578 tenet.
225 1519 285 1577 Fac
300 1539 383 1598 erg0,
405 1519 570 1591 carissime,
594 1517 677 1597 quod
698 1518 797 1576 lacere
813 1526 843 1577 te
862 1518 979 1591 scribis,
1003 1537 1110 1576 omnes

111 1616 201 1675 horas
217 1615 420 1697 complectere
438 1635 444 1676 :
462 1615 505 1674 sic
519 1615 583 1688 liet,
597 1623 630 1674 ut
645 1615 747 1673 minus
762 1635 799 1673 ex
814 1616 948 1674 crastino
963 1615 1108 1695 pendeas,

108 1714 134 1771 si
146 1713 295 1772 hodierno
312 1734 436 1772 manum
448 1712 599 1792 injeceris.
617 1712 697 1770 Ilum
711 1712 850 1782 dillertur„
864 1707 938 1784 vita,
955 1719 1111 1770 transcur-

109 1815 160 1875 rit.
186 1814 296 1874 Omnia
318 1815 415 1875 aliena
439 1822 522 1884 sunt,
545 1821 667 1894 tempus
688 1822 808 1872 tantum
831 1823 971 1872 nostrum
993 1823 1050 1872 est.
1075 1813 1110 1871 ln
1147 1829 1150 1842 ⁴

109 1912 203 1990 hujus
225 1911 269 1970 rei
291 1911 383 1970 unius
404 1910 521 1989 fugacis
544 1931 579 1969 ac
601 1910 735 1968 lubricae
755 1911 978 1990 possessionem
1000 1917 1110 1972 natura

110 2029 167 2066 uos
183 2008 277 2080 misit,
294 2029 331 2066 ex
347 2029 406 2088 qua
426 2007 551 2088 expellit
569 2008 756 2087 quicumque
778 2009 854 2067 vult.
873 2008 911 2064 Et
925 2014 1011 2065 tanta
1031 2005 1111 2066 stul·

109 2105 177 2164 titia
194 2105 368 2163 mortalium
380 2113 436 2177 est,
450 2112 484 2164 ut
498 2126 576 2184 quae
591 2104 715 2163 minima
732 2111 762 2161 et
777 2104 920 2164 vilissima
932 2109 1015 2175 sunt,
1027 2108 1110 2162 certe

109 2202 302 2280 reparabilia,
333 2202 479 2282 imputari
503 2200 570 2272 sibi,
600 2222 670 2260 cum
699 2201 913 2281 impetravere,
939 2200 1118 2280 patiantur;

109 2320 201 2360 nemo
223 2320 255 2357 se
275 2299 396 2378 judicet
418 2299 586 2379 quidquam
608 2297 730 2368 debere,
755 2298 808 2377 qui
832 2306 956 2377 tempus
977 2297 1107 2376 accepit,

107 2417 180 2455 cum
196 2396 319 2454 interim
335 2395 393 2454 hoc
408 2416 504 2454 unum
520 2402 576 2467 est,
594 2394 677 2475 quod
693 2415 730 2452 ne
746 2402 851 2474 gratus
867 2394 991 2475 quidem
1006 2400 1111 2474 potest

109 2493 250 2554 reddere.

108 2626 198 2684 470.
235 2625 266 2682 Il
296 2625 452 2694 importe
492 2625 538 2680 de
566 2624 651 2680 bien
683 2623 798 2690 vivre,
832 2637 904 2681 non
931 2626 975 2681 de
1005 2623 1112 2680 vivre

500 2714 726 2782 longtemps.

158 2799 244 2882 (Non
268 2805 300 2859 ut
321 2798 375 2859 diu
398 2799 535 2859 vivamus
557 2798 733 2858 curandum
754 2806 808 2872 est,
831 2798 886 2858 sed
907 2797 1062 2879 athene.)

152 2936 187 2993 ln
203 2933 344 3014 epistula,
360 2954 420 3014 qua
436 2933 473 2991 de
486 2941 584 2991 morte
600 2930 801 2991 Metronactis
816 2931 991 3012 philosophi
1004 2952 1097 3012 quere
1138 2929 1180 2995 2⁶

111 3032 203 3104 bariS,
227 3039 385 3109 tamquam
409 3037 440 3088 et
461 3029 613 3109 potuisset
634 3029 750 3094 diutius
771 3029 875 3087 vivere
893 3036 924 3088 et
944 3027 1118 3101 debuisset,

110 3129 288 3208 aequitatem
315 3135 399 3185 tuam
424 3125 595 3184 desideravi
618 3145 625 3186 :
647 3147 716 3205 quae
739 3125 797 3185 tibi
824 3125 856 3184 in
870 3125 954 3184 omni
969 3146 1111 3204 persona,

111 3227 142 3284 in
158 3225 243 3284 omni
264 3225 389 3301 negotio
411 3231 562 3303 superest,
586 3223 617 3281 in
638 3243 698 3281 una
713 3243 746 3280 re
765 3221 862 3294 deest,
882 3222 914 3280 in
935 3243 994 3303 qua
1014 3223 1114 3281 omni-

111 3323 178 3380 bus.
212 3321 328 3380 Multos
353 3321 457 3379 inveni
478 3341 583 3398 aequos
612 3319 759 3378 adversus
783 3318 937 3392 homines;
967 3320 1114 3378 adversus

112 3421 195 3478 Deos
216 3418 382 3477 neminem.
400 3417 607 3497 Objurgamus
623 3416 762 3496 quotidie
778 3416 875 3474 latum
894 3434 900 3475 :
918 3441 932 3470 «
950 3417 1048 3483 Quare
1063 3416 1115 3475 ille

110 3517 141 3575 in
157 3516 260 3574 medio
275 3535 366 3573 cursu
379 3522 486 3593 raptus
501 3516 571 3572 est?
590 3534 684 3592 quare
704 3499 755 3571 ille
777 3533 842 3572 non
861 3513 1004 3592 rapitur?
1018 3534 1114 3594 quare

110 3619 301 3671 senectutem
314 3620 343 3669 et
358 3611 455 3669 sibiet
470 3610 535 3669 aliis
550 3631 674 3687 gravem
686 3609 867 3669 extendit‘lo
887 3609 1008 3681 Utrum,
1025 3591 1121 3668 obse-⁵

109 3731 163 3769 cro
178 3717 220 3780 te,
238 3708 354 3788 aequius
371 3707 491 3787 judicas
506 3716 535 3766 te
552 3714 680 3778 naturae,
699 3728 737 3765 an
756 3707 810 3765 tibi
827 3728 932 3786 parere
948 3710 1116 3768 naturam?

111 3807 191 3875 Quid
207 3813 310 3865 autem
325 3805 463 3877 interest,
481 3826 571 3884 quam
586 3805 649 3863 cito
664 3825 765 3878 exeas,
783 3805 863 3863 unde
879 3805 985 3884 utique
1001 3825 1114 3863 exeun·

537 3963 690 4016 -341-
