2656 4258
379 159 459 217 138.
480 158 669 216 Herotsme
684 158 841 215 d'Arrta.
1302 197 1304 200 -

296 261 361 342 (De
376 261 559 323 incredibili
577 261 692 322 Arriae
710 260 920 344 fortitudine.)
982 342 1002 354 ..
1296 203 1306 410 Ξ

149 421 333 499 AEgrotabat
354 421 466 492 Pstis,
488 422 585 480 Arriae
605 421 748 490 maritus;
770 420 938 498 aegrotabat
956 426 987 479 et
1011 419 1102 491 lilius,
1132 418 1172 482 2⁶
1296 403 1306 430 i

109 524 239 597 uterque
261 518 430 588 mortifere,
448 525 482 576 ut
507 518 679 577 videbatur.
710 517 804 576 Filius
830 517 969 584 decessit,
995 517 1105 576 eximia
1126 519 1128 525 ⁸
1296 511 1298 517 ⁸

106 614 350 693 pulchritudine,
363 615 428 694 pari
442 615 636 674 verecundia.
651 615 731 673 Huic
746 615 795 673 illa
808 613 957 673 italunus
972 614 1103 693 paravit,

106 711 150 769 ita
176 710 265 770 duxit
295 712 474 791 exsequiaS,
488 717 522 769 ut
550 712 704 788 ignoraret
725 711 862 770 maritus.
892 710 973 777 Quin
998 709 1103 779 immo,

106 808 230 887 quoties
245 807 422 867 cubiculum
438 809 504 886 ejus
520 808 659 876 intraret,
678 808 780 866 vivere
795 807 891 865 filium
905 814 998 886 atque
1013 807 1104 866 etiam

105 904 348 963 commodiorem
378 925 443 963 esse
468 904 647 977 simulabat,
679 925 714 962 ac
739 920 875 984 persaepe
904 905 1104 981 interroganti

106 1000 183 1080 quid
214 1008 318 1078 ageret
347 1021 434 1080 puer,
461 1000 694 1080 respondebat:
722 1001 799 1060 hene
825 1000 952 1080 quievit,
976 999 1106 1059 libenter

105 1095 211 1156 cibum
227 1098 370 1177 sumpsit.
387 1098 506 1157 Deinde
524 1117 594 1156 cum
615 1097 666 1156 diu
686 1097 830 1156 cohibitae
849 1096 981 1156 lacrimae
1002 1097 1105 1155 vince-

105 1200 179 1256 rent
191 1200 498 1274 prorumperentque,
510 1184 740 1271 egrediebatur;
755 1201 828 1254 tunc
843 1214 875 1252 se
885 1192 983 1252 dolori
993 1193 1103 1265 dabat;

105 1291 231 1359 satiata,
245 1291 418 1370 composito
428 1291 516 1349 vultu
532 1290 662 1363 redibat,
678 1298 834 1370 tamquam
854 1291 1015 1349 orbitatem
1031 1289 1105 1348 soris

105 1387 293 1466 reliquisset.
311 1387 495 1446 Praeclarum
503 1387 627 1468 quidem
642 1387 717 1445 illud
729 1387 876 1466 ejusdem,
888 1387 1001 1446 lerrum
1014 1387 1105 1446 strin-

104 1505 190 1562 gere,
220 1484 382 1563 perlodere
405 1491 524 1563 pectus,
553 1483 712 1542 extrahere
739 1485 917 1565 pugionem,
950 1484 1106 1563 porrigere

105 1581 230 1650 marito,
239 1581 351 1640 addere
359 1581 675 1656 vocemimmortalem
684 1602 719 1639 ac
727 1601 814 1660 paene
823 1581 957 1640 divinam
969 1599 982 1648 ε,
991 1605 1004 1636 a
1010 1581 1103 1652 Paete,

105 1697 171 1736 non
200 1677 327 1737 dolet.'»
350 1677 409 1736 Sed
436 1684 538 1736 tamen
568 1677 624 1736 ista
648 1677 773 1736 facienti
802 1677 990 1757 dicentique
1010 1677 1104 1756 gloria
1210 1679 1216 1689 '

105 1783 139 1833 et
153 1774 310 1834 aeternitas
324 1782 396 1834 ante
411 1775 517 1833 oculos
527 1781 614 1832 erant
628 1792 635 1833 ε
647 1794 709 1853 quo
722 1774 820 1853 majus
833 1780 889 1846 est,
904 1774 1106 1853 sinepraemio
1304 1843 1312 1856 „

104 1871 303 1944 aeternitatis,
342 1871 406 1929 sine
427 1870 553 1949 praemio
587 1869 690 1948 gloriae
719 1870 829 1928 abdere
855 1871 1005 1942 lacrimas,
1031 1891 1106 1950 ope·
1195 1917 1199 1926 ,
1307 1879 1313 1896 '

6 2019 7 2026 ,
105 1969 168 2028 rire
184 1968 313 2040 luctum,
329 1967 502 2046 amissoque
517 1967 591 2037 filio,
608 1976 734 2026 matrem
748 1967 849 2026 adhuc
862 1987 962 2046 agere.
978 1967 1104 2040 Eadem,
1196 1945 1200 1974 ²

103 2087 177 2125 cum
193 2065 337 2135 Thrasea,
360 2084 452 2142 gener
473 2063 551 2143 ejus,
572 2063 788 2144 deprecaretur
807 2083 844 2122 ne
867 2064 946 2122 mori
964 2071 1107 2143 pergeret

106 2158 251 2234 interque
272 2155 330 2214 alia
350 2156 502 2217 dixisset:
521 2181 535 2210 (ι
555 2159 601 2216 Tu
620 2158 667 2215 vis
680 2178 752 2236 ergo
773 2157 866 2216 filiam
887 2164 982 2228 tuam,
997 2157 1021 2216 si
1040 2158 1116 2216 mihi

102 2245 297 2324 pereundum
312 2247 415 2318 luerit,
430 2247 506 2305 mori
522 2252 663 2309 mecum?
675 2275 689 2304 >i
705 2251 881 2330 respondit:
899 2277 913 2307 «
930 2253 962 2312 Si
972 2259 1035 2314 tam
1049 2254 1104 2313 diu

9 2341 11 2384 l
103 2349 253 2422 tantaque
277 2344 441 2403 concordia
463 2339 706 2419 vixerit'tecum,
726 2369 818 2428 quam
837 2369 894 2428 ego
912 2371 982 2409 cum
1005 2351 1103 2426 Paeto,

102 2439 188 2498 volo,
200 2463 215 2494 n
230 2439 422 2500 Videnturne
431 2440 497 2500 haec
508 2442 564 2501 tihi
574 2444 691 2524 majora
701 2444 754 2504 illo
767 2471 781 2500 ιι
794 2445 888 2518 Paete,
904 2467 965 2507 non
980 2447 1102 2524 dolet»,
1129 2507 1131 2512 .

100 2536 142 2594 ad
157 2535 243 2616 quod
263 2556 319 2616 per
333 2537 399 2596 haec
413 2547 595 2617 perventum
612 2542 683 2599 est?

318 2749 400 2808 139.
419 2753 496 2810 Une
515 2752 645 2810 femme
667 2727 891 2823 superleure.

419 2855 477 2936 (De
489 2857 617 2940 egregia
629 2858 785 2940 muliere.)

96 3118 198 3180 Prisci
219 3117 382 3200 conjugem
404 3121 480 3201 eripi
498 3122 595 3182 oculis
625 3122 770 3196 civitatis,
794 3126 897 3185 nescio
924 3147 963 3186 an
985 3125 1100 3208 aliquid

95 3216 200 3275 simile
221 3215 346 3276 visuris.
374 3217 448 3284 Quae
469 3219 593 3278 castitas
618 3218 663 3279 illi
680 3221 687 3278 l
707 3240 775 3300 quae
790 3223 961 3282 sanctitas!
986 3232 1100 3306 quante

94 3313 251 3391 gravitasl
301 3321 416 3394 quanta
461 3316 661 3376 constantial
702 3316 755 3375 Bis
804 3319 949 3378 maritum
994 3330 1098 3382 secuta
1135 3383 1137 3394 ,

94 3411 125 3468 in
154 3409 298 3470 exsilium
327 3417 384 3483 est,
411 3411 503 3470 tertio
532 3412 598 3492 ipsa
627 3420 754 3494 propter
779 3414 922 3474 maritum
951 3416 1096 3496 relegata.

93 3508 188 3580 Nam,
226 3526 297 3565 cum
327 3507 454 3566 Senecio
485 3529 556 3567 reus
592 3517 672 3569 esset
709 3510 791 3590 quod
827 3510 864 3570 de
903 3513 967 3573 vita
994 3514 1098 3575 Helvi-

91 3606 135 3663 dii
166 3603 265 3662 libros
306 3604 541 3684 composuisset,
574 3613 777 3688 rogatumque
806 3629 838 3668 se
869 3629 886 3668 a
914 3610 1029 3671 Fannia
1063 3612 1096 3671 in

89 3700 279 3760 defensione
306 3699 442 3774 dixisset,
471 3709 628 3782 quaerente
653 3704 815 3793 minaciter
843 3705 939 3793 bletio
964 3708 1042 3767 Caro
1058 3730 1097 3768 an

178 3808 223 3847 Vie
229 3805 309 3858 priate
319 3805 358 3847 der
372 3807 490 3851 Romaim.
1005 3815 1016 3853 'l

530 3889 666 3940 -97..

11 2636 19 2801 g

14 2933 21 3336 ι
137 3023 239 3082 Doleo
269 3022 428 3097 Fanniam,
464 3023 606 3085 Thraseae
638 3025 797 3107 Arriaeque
831 3028 935 3102 tiliam,
964 3031 1100 3090 Helvidii
1128 3062 1167 3130 2,
