2678 4250
166 153 250 212 288.
270 155 486 212 Decedenoe
506 156 573 212 des
590 155 813 213 beania-arte
833 156 857 213 at
874 156 915 214 la
932 147 982 212 fin
1000 158 1050 212 du

392 243 438 298 1⁶¹
457 242 572 300 siecle
590 244 703 313 apres
736 245 852 302 Jecu-

108 343 241 423 (Quibus
261 343 415 428 qradibus
437 345 603 407 deminutae
624 347 687 408 sint
709 347 852 430 inqenuae
873 356 956 412 artes
977 356 1107 410 exeunte
1189 410 1191 416 ,

366 441 473 526 primo
493 451 566 525 post
589 443 676 506 J.-C.
703 443 842 526 secuto.)

148 573 223 642 Quis
263 595 337 648 nou,
379 576 605 635 communicato
645 575 719 634 orbe
755 583 906 636 terrarum
946 576 1106 656 majestate
1117 579 1176 634 nh.

107 671 227 731 romani
250 671 383 752 imperii,
405 673 569 752 profecisse
586 673 681 732 vitam
697 679 785 752 putet
801 674 986 732 commercio
1005 694 1106 732 rerum

108 789 143 828 ac
157 768 304 828 societate
319 769 405 830 festae
417 770 512 848 pacis,
530 769 694 850 omniaque
708 769 799 828 etiam
815 789 883 849 quae
903 769 1024 828 occulta
1037 776 1108 828 ante

108 866 233 925 fucrant
252 865 285 924 in
304 866 480 944 promiscuo
502 887 558 924 usu
579 866 684 925 lacta?
705 868 747 925 At
766 866 915 925 Hercules
933 886 995 925 non
1023 887 1109 945 repe·

108 965 232 1022 riuntur
245 961 297 1043 qui
313 962 417 1021 norint
429 963 525 1021 multa
536 962 573 1021 ab
589 962 722 1041 antiquis
738 961 859 1041 prodita
873 979 880 1022 t
898 969 983 1021 tanto
995 963 1109 1042 prisco·

107 1080 178 1118 rum
191 1079 265 1118 cura
277 1058 410 1118 fertilior
426 1065 480 1117 aut
499 1059 650 1118 industria
665 1058 785 1117 felicior
799 1058 877 1118 fuitl
895 1058 992 1138 Cujus
1009 1058 1110 1118 somni

107 1176 216 1215 causas
237 1155 308 1236 quis
326 1154 400 1215 alias
416 1176 508 1235 quarn
530 1154 668 1235 publicas
687 1155 796 1214 mundi
815 1155 992 1214 invenerit?
1013 1155 1111 1214 Nimi-

110 1273 180 1311 rum
209 1251 261 1311 alii
292 1251 413 1311 subiere
437 1252 526 1323 ritus,
554 1252 696 1333 circaque
725 1251 783 1310 alia
809 1257 927 1310 mentes
950 1237 1108 1310 hominurn

109 1350 292 1409 detinentur
304 1356 334 1408 et
347 1349 483 1408 avaritiae
495 1355 615 1407 tanturn
629 1357 708 1408 artes
722 1349 876 1407 coluntur.
891 1351 1002 1418 Antea,
1015 1348 1111 1407 inclu-

109 1447 153 1506 sis
188 1446 327 1524 gcntium
361 1446 498 1526 imperiis
531 1445 612 1504 intra
644 1445 725 1524 ipsas
752 1445 882 1526 ideoque
908 1451 939 1503 et
967 1442 1109 1520 ingeniis,

110 1543 246 1624 quadam
264 1543 424 1602 sterilitate
437 1544 581 1616 fortunae,
599 1563 721 1601 necesse
741 1550 806 1600 erat
823 1541 916 1600 animi
934 1541 1015 1599 bona
1027 1559 1112 1598 exer-

110 1659 199 1712 cere;
216 1661 365 1719 regesque
383 1639 537 1698 innumeri
557 1638 675 1698 honore
696 1639 808 1697 artium
828 1637 1018 1708 colebantur,
1035 1636 1112 1694 etin

103 1731 374 1793 ostentationehas
383 1731 591 1810 praeferebant
601 1751 706 1809 opum,
717 1730 980 1789 immortalitatem
994 1729 1053 1788 sibi
1061 1749 1116 1808 per

103 1831 174 1889 illas
187 1827 347 1910 prorogari
365 1828 561 1886 arbitrantes,
577 1827 676 1893 Quare
690 1827 889 1886 abundabant
903 1835 933 1885 et
946 1826 1071 1904 praemia
1085 1831 1116 1884 et

5 1923 6 1926 ’
112 1947 216 2006 operae
235 1925 317 1987 vitae.
344 1925 479 1984 Posteris
506 1925 615 1984 laxitas
639 1925 746 1983 mundi
766 1931 796 1984 et
822 1944 923 1984 rerum
944 1923 1114 2004 amplitudo

112 2023 226 2081 damno
249 2022 318 2081 luit.
341 2022 506 2102 Postquam
528 2028 652 2081 senator
670 2042 764 2080 censu
786 2020 844 2100 legi
868 2027 999 2101 coeptus
1018 2021 1115 2101 judex

111 2118 180 2178 fieri
201 2138 304 2190 censu,
326 2119 538 2196 magistratum
559 2119 730 2198 ducemque
753 2117 828 2176 nihil
850 2119 946 2196 magis
966 2138 1114 2176 exornare

111 2236 207 2295 quarn
235 2234 359 2287 census;
388 2223 551 2294 postquam
576 2235 696 2294 coepere
723 2214 838 2274 orbitas
872 2215 904 2272 in
932 2215 1115 2273 auctoritate

111 2333 233 2371 summa
256 2320 287 2371 et
308 2312 448 2390 potentia
465 2333 541 2384 esse,
562 2311 697 2391 captatio
719 2312 748 2369 in
770 2317 890 2390 quaestu
913 2310 1113 2383 fertilissim0‚

111 2430 150 2468 ac
172 2409 236 2468 sola
256 2408 369 2488 gaudia
391 2409 423 2466 in
448 2408 646 2488 possidend0,
670 2429 794 2488 pessum
821 2409 882 2467 iere
906 2409 977 2466 vitae
1005 2407 1113 2486 pretia,
1135 2433 1136 2438 ¹

110 2525 283 2586 omnesque
300 2527 317 2564 a
332 2505 466 2564 maximo
478 2496 567 2563 bono
585 2503 726 2564 liberales
746 2506 836 2564 dictae
856 2511 935 2564 artes
948 2504 979 2563 in
994 2503 1117 2564 contra-

111 2604 196 2662 rium
208 2603 356 2663 cecidere.
694 2593 696 2598 ’

174 2760 255 2820 289.
275 2764 330 2819 La
347 2760 517 2836 ptetnture
536 2774 581 2818 ne
601 2761 677 2906 dptt
696 2760 914 2832 reproduire
933 2774 1002 2831 que
1020 2761 1060 2817 le

540 2845 623 2907 real
638 2850 688 2909 te.
812 2879 814 2882 ·

225 2954 366 3036 (Pictura
389 2951 423 3014 id
442 2953 545 3014 solum
570 2953 655 3036 quod
681 2961 801 3015 estant
827 2974 891 3014 esse
906 2960 1011 3036 potest

471 3050 623 3133 esfinqere
644 3050 760 3132 debet.)

156 3184 279 3245 Pictura
294 3186 396 3262 imago
409 3184 444 3242 fit
458 3184 526 3264 ejus
540 3183 623 3263 quod
637 3190 694 3257 est,
710 3205 764 3243 seu
781 3191 884 3263 potest
899 3201 975 3244 esse.
992 3183 1072 3242 Cum
1085 3183 1117 3242 in
1144 3186 1184 3250 3ο

113 3281 258 3342 domibus
273 3280 414 3340 adhiberi
430 3287 532 3359 coepta
549 3287 605 3351 est,
620 3281 733 3340 imitati
753 3288 826 3340 sunt
845 3280 979 3360 primum
1002 3287 1117 3340 crusta.

113 3399 185 3438 rum
206 3398 446 3437 marmorearum
469 3377 644 3451 varietates
668 3383 734 3437 tum
755 3377 955 3436 edificiorum
979 3376 1117 3457 ipsorum

112 3476 239 3554 figuras
255 3474 530 3555 columnarumque
546 3482 576 3533 et
590 3473 784 3553 fastigiorum
797 3474 998 3547 lineamenta;
1011 3481 1118 3553 paten-
1187 3478 1189 3481 ’

114 3582 200 3641 tibus
215 3587 316 3639 autem
328 3579 415 3653 locis,
428 3587 555 3660 propter
566 3580 801 3659 amplitudinem
816 3579 979 3658 parietum,
997 3588 1116 3658 portus,

5 3695 6 3712 ³
113 3676 240 3749 tluvios,
259 3675 340 3749 sana,
360 3676 458 3749 l'ucos,
482 3698 603 3756 pecora,
626 3685 784 3756 pastores3
809 3675 966 3734 nonnullis
985 3675 1119 3755 denique

112 3773 203 3846 locis,
225 3772 351 3831 deorum
370 3773 420 3832 vel
435 3773 601 3831 illustrium
618 3774 756 3832 virorum
774 3771 948 3832 simulacra.
974 3772 1033 3830 Sed
1053 3772 1118 3829 haec

541 3927 573 3936 —
593 3897 643 3949 203
663 3927 698 3938 -
