2656 4258
175 95 177 102 Ι
194 47 214 83 ⁴¹

25 181 26 184 ¹
83 169 153 226 136.
172 169 227 226 Au
251 167 483 239 gouverneur
504 168 647 226 romain
671 168 854 240 syagrius
877 168 939 240 qul
959 169 1066 226 avait

24 237 25 282 l
378 256 508 326 appris
525 257 748 314 l’ellemand.

78 403 133 481 lad
149 403 334 488 Syaprium,
352 427 515 465 romanum
531 405 738 488 praesectum,
761 405 821 490 qui
840 406 1067 470 Germanorum

398 502 540 584 linquam
561 502 737 585 didicerat.)

23 739 24 798 ff
113 741 243 801 lmmane
275 748 401 801 narratu
430 750 477 801 est
510 751 661 822 quantum
690 749 831 823 stupeam
859 741 1008 802 sermonis
1035 748 1068 801 te
1093 737 1136 802 3⁹

79 839 233 926 germanici
251 839 393 897 notitiam
416 846 501 899 tanta
524 839 669 900 facilitate
684 841 833 920 rapuisse.
850 839 1069 932 Atqui-pueri-

81 933 142 991 tiam
156 942 239 998 tuam
263 936 377 995 scholis
396 936 572 995 liberalibus
590 937 716 995 memini
735 937 896 1009 imbutam,
916 943 948 996 et
972 955 1068 1014 saepe·

23 1035 24 1042 ’
80 1051 195 1090 numero
212 1033 324 1090 aeriler
342 1031 583 1112 eloquenterque
603 1034 791 1094 declamasse
814 1054 917 1093 coram
946 1039 1068 1092 oratore

80 1127 143 1184 satis
161 1127 258 1186 habeo
281 1136 487 1208 compertum.
509 1133 613 1210 Atque
636 1131 702 1190 haec
721 1151 791 1190 cum
806 1131 848 1190 ita
879 1129 952 1201 sint,
975 1127 1067 1186 velim

79 1222 153 1282 dicas
165 1224 245 1283 unde
258 1225 361 1283 subito
372 1226 530 1290 hauserint
543 1235 668 1305 pectora
692 1235 745 1287 tua
768 1225 955 1306 euphoniam
968 1225 1068 1304 gentis

79 1318 187 1391 alienae,
210 1328 245 1378 ut
263 1321 355 1380 modo
377 1322 451 1380 mihi
473 1331 544 1402 post
564 1323 676 1383 ferulas
697 1323 839 1382 lectionis
865 1321 1066 1392 Maronianae,

74 1417 192 1490 postque
203 1410 385 1470 desudatam
394 1408 528 1468 varicosi
536 1407 695 1487 Arpinatis
704 1407 894 1486 opulentiam
902 1407 1072 1487 loquacita-

21 1438 26 1551 l
81 1505 204 1578 lemque,
226 1499 314 1579 quasi
333 1498 371 1558 de
387 1499 503 1559 aviario
520 1506 624 1558 vetere
643 1520 743 1557 novus
760 1497 840 1556 falco
861 1495 1070 1577 prorumpas?

22 1600 26 1675 J
81 1594 227 1655 AEstimari
249 1596 374 1654 minime
394 1602 497 1676 potest
512 1602 629 1676 quanto
652 1595 727 1654 mihi
746 1594 917 1673 ceterisque
939 1593 978 1651 sit
994 1590 1070 1649 risui

81 1693 190 1768 quoties
209 1692 302 1751 audio
323 1692 418 1772 quod,
437 1700 468 1751 te
487 1698 649 1772 praesente,
678 1690 824 1750 formidet
840 1691 941 1750 facere
955 1687 1070 1766 linguae

23 1781 24 1834 Ϊ
81 1807 134 1846 suae
150 1789 297 1848 barbarus
312 1789 547 1848 barbarismum.
570 1788 726 1867 Adstupet
742 1787 799 1846 tibi
813 1787 961 1866 epistulas
975 1785 1072 1844 inter-

82 1887 318 1968 pretanti'curva
331 1885 556 1946 Germanorum
581 1893 732 1956 senectuS,
749 1892 781 1943 et
802 1882 933 1961 negotiis
954 1880 1072 1940 mutuis

22 2012 26 2081 p
81 1981 219 2041 arbitrum
248 1990 279 2041 te
316 1981 615 2062 disceptatoremque
646 1981 789 2040 desumit.
817 1981 856 2038 Et
882 1997 1070 2058 quamquam

22 2084 25 2093 '
82 2097 159 2157 reque
198 2079 379 2158 corporibus
419 2099 455 2138 ac
483 2099 575 2137 sensu
598 2078 689 2156 rigidi
725 2077 787 2136 sint
822 2074 1071 2152 indolatilesque,

80 2175 302 2255 amplectuntur
317 2176 348 2232 in
366 2182 396 2234 te
411 2176 527 2255 pariter
541 2182 572 2234 et
586 2175 711 2234 discunt
729 2192 902 2232 sermonem
924 2171 1071 2252 patrium,

21 2274 26 2313 ²
80 2291 126 2328 cor
140 2274 293 2332 Latinum.
316 2272 425 2331 Restat
436 2271 495 2330 boc
513 2292 620 2344 unum,
636 2272 685 2329 vir
708 2270 903 2342 facetissime,
923 2276 956 2328 ut
974 2267 1073 2326 nihilo

20 2420 21 2426 ,
79 2370 206 2445 segnius,
220 2370 270 2428 vel
285 2389 354 2428 cum
370 2368 503 2441 vacabit,
520 2368 636 2448 aliquid
651 2367 776 2427 lectioni
788 2365 890 2446 operis
900 2363 1071 2444 impendas,

79 2467 288 2546 custodiasque
314 2467 382 2534 hoc,
403 2473 497 2545 prout
516 2486 547 2524 es
569 2465 825 2544 elegantissimus
848 2469 1075 2542 temperamen-

80 2569 148 2635 tum,
167 2570 202 2622 ut
215 2564 274 2621 ista
289 2562 345 2621 tibi
362 2563 467 2640 lingua
482 2569 634 2636 teneatur,
651 2582 689 2620 ne
703 2561 848 2636 ridearis;
867 2559 919 2633 illa
933 2578 1074 2618 exercea-

79 2665 131 2724 tur.
152 2668 187 2720 ut
198 2659 310 2719 rideas
