<?xml version="1.0" encoding="UTF-8"?>
<!DOCTYPE html PUBLIC "-//W3C//DTD XHTML 1.0 Transitional//EN"
    "http://www.w3.org/TR/xhtml1/DTD/xhtml1-transitional.dtd">
<html xmlns="http://www.w3.org/1999/xhtml" xml:lang="en" lang="en">
 <head>
  <title>
</title>
<meta http-equiv="Content-Type" content="text/html;charset=utf-8" />
  <meta name='ocr-system' content='tesseract 3.04.00' />
  <meta name='ocr-capabilities' content='ocr_page ocr_carea ocr_par ocr_line ocrx_word'/>
</head>
<body>
  <div class='ocr_page' id='page_1' title='image "./depublicaprivat00arnagoog_0298.png"; bbox 0 0 2678 4250; ppageno 0'>
   <div class='ocr_carea' id='block_1_1' title="bbox 88 6 281 29">
    <p class='ocr_par' dir='ltr' id='par_1_1' title="bbox 88 6 281 29">
     <span class='ocr_line' id='line_1_1' title="bbox 88 6 281 29; baseline 0 0"><span class='ocrx_word' id='word_1_1' title='bbox 88 8 89 11; x_wconf 52' lang='lat'>¹</span> <span class='ocrx_word' id='word_1_2' title='bbox 107 8 198 29; x_wconf 59' lang='grc' dir='ltr'><em>,ΠΨ</em></span> <span class='ocrx_word' id='word_1_3' title='bbox 206 6 251 19; x_wconf 59' lang='grc' dir='ltr'>··Ἱ··</span> <span class='ocrx_word' id='word_1_4' title='bbox 262 6 268 9; x_wconf 74' lang='grc'><em>’·</em></span> <span class='ocrx_word' id='word_1_5' title='bbox 279 6 281 8; x_wconf 92' lang='grc'><strong><em>·</em></strong></span> 
     </span>
    </p>
   </div>
   <div class='ocr_carea' id='block_1_2' title="bbox 180 193 993 264">
    <p class='ocr_par' dir='ltr' id='par_1_2' title="bbox 180 193 993 264">
     <span class='ocr_line' id='line_1_2' title="bbox 180 193 993 264; baseline -0.007 -10"><span class='ocrx_word' id='word_1_6' title='bbox 180 197 264 254; x_wconf 85' lang='grc'><strong>340.</strong></span> <span class='ocrx_word' id='word_1_7' title='bbox 284 197 341 253; x_wconf 88' lang='lat' dir='ltr'><em>Un</em></span> <span class='ocrx_word' id='word_1_8' title='bbox 359 197 465 264; x_wconf 81' lang='lat' dir='ltr'><em>poete</em></span> <span class='ocrx_word' id='word_1_9' title='bbox 486 195 510 252; x_wconf 74' lang='lat' dir='ltr'><em>t</em></span> <span class='ocrx_word' id='word_1_10' title='bbox 528 207 577 252; x_wconf 88' lang='lat' dir='ltr'><em>un</em></span> <span class='ocrx_word' id='word_1_11' title='bbox 596 196 641 252; x_wconf 86' lang='lat' dir='ltr'><em>de</em></span> <span class='ocrx_word' id='word_1_12' title='bbox 661 208 723 253; x_wconf 85' lang='lat' dir='ltr'><em>ses</em></span> <span class='ocrx_word' id='word_1_13' title='bbox 743 193 993 252; x_wconf 76' lang='lat' dir='ltr'><em>detracteurs.</em></span> 
     </span>
    </p>
   </div>
   <div class='ocr_carea' id='block_1_3' title="bbox 280 313 906 398">
    <p class='ocr_par' dir='ltr' id='par_1_3' title="bbox 280 313 906 398">
     <span class='ocr_line' id='line_1_3' title="bbox 280 313 906 398; baseline -0.002 -22"><span class='ocrx_word' id='word_1_14' title='bbox 280 316 387 398; x_wconf 88' lang='lat' dir='ltr'><em>(Poeta</em></span> <span class='ocrx_word' id='word_1_15' title='bbox 410 317 443 375; x_wconf 83' lang='lat' dir='ltr'><em>in</em></span> <span class='ocrx_word' id='word_1_16' title='bbox 465 313 701 376; x_wconf 70' lang='lat' dir='ltr'><em>obtrectatorem</em></span> <span class='ocrx_word' id='word_1_17' title='bbox 724 315 906 398; x_wconf 81' lang='lat' dir='ltr'><em>invehitur.)</em></span> 
     </span>
    </p>
   </div>
   <div class='ocr_carea' id='block_1_4' title="bbox 91 509 1056 2117">
    <p class='ocr_par' dir='ltr' id='par_1_4' title="bbox 124 509 879 688">
     <span class='ocr_line' id='line_1_4' title="bbox 124 509 879 590; baseline -0.003 -19"><span class='ocrx_word' id='word_1_18' title='bbox 124 512 296 571; x_wconf 89' lang='lat' dir='ltr'><em>Emendare</em></span> <span class='ocrx_word' id='word_1_19' title='bbox 317 531 412 583; x_wconf 86' lang='lat' dir='ltr'><em>meos,</em></span> <span class='ocrx_word' id='word_1_20' title='bbox 435 531 514 590; x_wconf 91' lang='lat' dir='ltr'><em>quos</em></span> <span class='ocrx_word' id='word_1_21' title='bbox 535 510 624 570; x_wconf 91' lang='lat' dir='ltr'><em>novit</em></span> <span class='ocrx_word' id='word_1_22' title='bbox 645 511 736 581; x_wconf 82' lang='lat' dir='ltr'><em>lama,</em></span> <span class='ocrx_word' id='word_1_23' title='bbox 759 509 879 569; x_wconf 89' lang='lat' dir='ltr'><em>libellos</em></span> 
     </span>
     <span class='ocr_line' id='line_1_5' title="bbox 125 605 820 688; baseline -0.004 -20"><span class='ocrx_word' id='word_1_24' title='bbox 125 610 162 668; x_wconf 87' lang='lat' dir='ltr'><em>Et</em></span> <span class='ocrx_word' id='word_1_25' title='bbox 184 605 242 668; x_wconf 90' lang='lat' dir='ltr'><em>tibi</em></span> <span class='ocrx_word' id='word_1_26' title='bbox 264 608 417 688; x_wconf 81' lang='lat' dir='ltr'><em>permittis</em></span> <span class='ocrx_word' id='word_1_27' title='bbox 438 606 544 666; x_wconf 90' lang='lat' dir='ltr'><em>felices</em></span> <span class='ocrx_word' id='word_1_28' title='bbox 565 628 691 687; x_wconf 87' lang='lat' dir='ltr'><em>carpere</em></span> <span class='ocrx_word' id='word_1_29' title='bbox 714 627 820 686; x_wconf 71' lang='lat' dir='ltr'><em>nugae,</em></span> 
     </span>
    </p>

    <p class='ocr_par' dir='ltr' id='par_1_5' title="bbox 91 704 1056 2117">
     <span class='ocr_line' id='line_1_6' title="bbox 91 704 1056 785; baseline 0 -21"><span class='ocrx_word' id='word_1_30' title='bbox 91 723 94 732; x_wconf 86' lang='lat'>&#39;</span> <span class='ocrx_word' id='word_1_31' title='bbox 125 706 199 779; x_wconf 72' lang='lat' dir='ltr'><em>Hm,</em></span> <span class='ocrx_word' id='word_1_32' title='bbox 223 707 360 785; x_wconf 90' lang='lat' dir='ltr'><em>inquam,</em></span> <span class='ocrx_word' id='word_1_33' title='bbox 383 724 492 784; x_wconf 85' lang='lat' dir='ltr'><em>nugas,</em></span> <span class='ocrx_word' id='word_1_34' title='bbox 516 705 628 784; x_wconf 91' lang='lat' dir='ltr'><em>quibus</em></span> <span class='ocrx_word' id='word_1_35' title='bbox 649 725 752 764; x_wconf 90' lang='lat' dir='ltr'><em>aurem</em></span> <span class='ocrx_word' id='word_1_36' title='bbox 776 704 1056 764; x_wconf 77' lang='lat' dir='ltr'><em>advertere&#39;totam</em></span> 
     </span>
     <span class='ocr_line' id='line_1_7' title="bbox 124 800 906 882; baseline -0.003 -20"><span class='ocrx_word' id='word_1_37' title='bbox 124 803 194 862; x_wconf 91' lang='lat' dir='ltr'><em>Non</em></span> <span class='ocrx_word' id='word_1_38' title='bbox 215 807 422 882; x_wconf 81' lang='lat' dir='ltr'><em>aspernantur</em></span> <span class='ocrx_word' id='word_1_39' title='bbox 442 821 584 880; x_wconf 83' lang='lat' dir='ltr'><em>proceres</em></span> <span class='ocrx_word' id='word_1_40' title='bbox 607 801 753 880; x_wconf 84' lang='lat' dir='ltr'><em>urbisque</em></span> <span class='ocrx_word' id='word_1_41' title='bbox 775 800 906 880; x_wconf 79' lang='lat' dir='ltr'><em>forique,</em></span> 
     </span>
     <span class='ocr_line' id='line_1_8' title="bbox 123 896 823 979; baseline -0.006 -21"><span class='ocrx_word' id='word_1_42' title='bbox 123 899 206 967; x_wconf 87' lang='lat' dir='ltr'><em>Quas</em></span> <span class='ocrx_word' id='word_1_43' title='bbox 229 906 260 957; x_wconf 91' lang='lat' dir='ltr'><em>et</em></span> <span class='ocrx_word' id='word_1_44' title='bbox 281 897 423 979; x_wconf 90' lang='lat' dir='ltr'><em>perpetui</em></span> <span class='ocrx_word' id='word_1_45' title='bbox 445 897 613 976; x_wconf 86' lang='lat' dir='ltr'><em>dignantur</em></span> <span class='ocrx_word' id='word_1_46' title='bbox 634 897 746 956; x_wconf 88' lang='lat' dir='ltr'><em>scrinia</em></span> <span class='ocrx_word' id='word_1_47' title='bbox 769 896 823 955; x_wconf 85' lang='lat' dir='ltr'><em>Sili</em></span> 
     </span>
     <span class='ocr_line' id='line_1_9' title="bbox 123 994 813 1074; baseline -0.006 -19"><span class='ocrx_word' id='word_1_48' title='bbox 123 996 164 1055; x_wconf 88' lang='lat' dir='ltr'><em>Et</em></span> <span class='ocrx_word' id='word_1_49' title='bbox 184 995 298 1074; x_wconf 90' lang='lat' dir='ltr'><em>repetit</em></span> <span class='ocrx_word' id='word_1_50' title='bbox 318 995 411 1054; x_wconf 87' lang='lat' dir='ltr'><em>toties</em></span> <span class='ocrx_word' id='word_1_51' title='bbox 433 994 568 1054; x_wconf 89' lang='lat' dir='ltr'><em>facundo</em></span> <span class='ocrx_word' id='word_1_52' title='bbox 590 994 728 1072; x_wconf 86' lang='lat' dir='ltr'><em>Regulus</em></span> <span class='ocrx_word' id='word_1_53' title='bbox 750 1014 813 1066; x_wconf 80' lang='lat' dir='ltr'><em>ore,</em></span> 
     </span>
     <span class='ocr_line' id='line_1_10' title="bbox 125 1091 948 1174; baseline 0.001 -23"><span class='ocrx_word' id='word_1_54' title='bbox 125 1093 194 1174; x_wconf 89' lang='lat' dir='ltr'><em>lpse</em></span> <span class='ocrx_word' id='word_1_55' title='bbox 216 1092 309 1150; x_wconf 92' lang='lat' dir='ltr'><em>etiam</em></span> <span class='ocrx_word' id='word_1_56' title='bbox 331 1098 418 1151; x_wconf 87' lang='lat' dir='ltr'><em>tanto</em></span> <span class='ocrx_word' id='word_1_57' title='bbox 441 1091 585 1149; x_wconf 92' lang='lat' dir='ltr'><em>dominus</em></span> <span class='ocrx_word' id='word_1_58' title='bbox 608 1091 665 1150; x_wconf 91' lang='lat' dir='ltr'><em>sub</em></span> <span class='ocrx_word' id='word_1_59' title='bbox 686 1092 822 1171; x_wconf 91' lang='lat' dir='ltr'><em>pondere</em></span> <span class='ocrx_word' id='word_1_60' title='bbox 845 1111 948 1152; x_wconf 88' lang='lat' dir='ltr'><em>rerum</em></span> 
     </span>
     <span class='ocr_line' id='line_1_11' title="bbox 125 1187 919 1267; baseline 0 -20"><span class='ocrx_word' id='word_1_61' title='bbox 125 1190 195 1248; x_wconf 88' lang='lat' dir='ltr'><em>Non</em></span> <span class='ocrx_word' id='word_1_62' title='bbox 217 1187 403 1267; x_wconf 83' lang='lat' dir='ltr'><em>dedignatur</em></span> <span class='ocrx_word' id='word_1_63' title='bbox 424 1188 471 1246; x_wconf 89' lang='lat' dir='ltr'><em>bis</em></span> <span class='ocrx_word' id='word_1_64' title='bbox 493 1196 601 1267; x_wconf 87' lang='lat' dir='ltr'><em>terque</em></span> <span class='ocrx_word' id='word_1_65' title='bbox 622 1187 785 1246; x_wconf 85' lang='lat' dir='ltr'><em>revolvere</em></span> <span class='ocrx_word' id='word_1_66' title='bbox 805 1188 919 1248; x_wconf 81' lang='lat' dir='ltr'><em>Caesar.</em></span> 
     </span>
     <span class='ocr_line' id='line_1_12' title="bbox 123 1283 967 1364; baseline -0.001 -19"><span class='ocrx_word' id='word_1_67' title='bbox 123 1285 184 1345; x_wconf 90' lang='lat' dir='ltr'><em>Sed</em></span> <span class='ocrx_word' id='word_1_68' title='bbox 205 1284 262 1344; x_wconf 92' lang='lat' dir='ltr'><em>tibi</em></span> <span class='ocrx_word' id='word_1_69' title='bbox 284 1283 353 1364; x_wconf 89' lang='lat' dir='ltr'><em>plus</em></span> <span class='ocrx_word' id='word_1_70' title='bbox 375 1284 498 1356; x_wconf 80' lang='lat' dir='ltr'><em>mentis,</em></span> <span class='ocrx_word' id='word_1_71' title='bbox 523 1284 579 1343; x_wconf 90' lang='lat' dir='ltr'><em>tibi</em></span> <span class='ocrx_word' id='word_1_72' title='bbox 601 1304 654 1343; x_wconf 90' lang='lat' dir='ltr'><em>cor</em></span> <span class='ocrx_word' id='word_1_73' title='bbox 674 1284 801 1343; x_wconf 86' lang='lat' dir='ltr'><em>limante</em></span> <span class='ocrx_word' id='word_1_74' title='bbox 824 1283 967 1344; x_wconf 81' lang='lat' dir='ltr'><em>Minerva</em></span> 
     </span>
     <span class='ocr_line' id='line_1_13' title="bbox 124 1380 887 1460; baseline 0.001 -19"><span class='ocrx_word' id='word_1_75' title='bbox 124 1382 237 1441; x_wconf 83' lang='lat' dir='ltr'><em>Acrius</em></span> <span class='ocrx_word' id='word_1_76' title='bbox 259 1388 290 1440; x_wconf 89' lang='lat' dir='ltr'><em>et</em></span> <span class='ocrx_word' id='word_1_77' title='bbox 312 1387 419 1439; x_wconf 89' lang='lat' dir='ltr'><em>tenues</em></span> <span class='ocrx_word' id='word_1_78' title='bbox 441 1380 597 1439; x_wconf 84' lang='lat' dir='ltr'><em>finxerunt</em></span> <span class='ocrx_word' id='word_1_79' title='bbox 617 1388 725 1460; x_wconf 91' lang='lat' dir='ltr'><em>pectus</em></span> <span class='ocrx_word' id='word_1_80' title='bbox 745 1380 887 1442; x_wconf 76' lang='lat' dir='ltr'><em>Athenae.</em></span> 
     </span>
     <span class='ocr_line' id='line_1_14' title="bbox 124 1476 956 1558; baseline -0.001 -21"><span class='ocrx_word' id='word_1_81' title='bbox 124 1477 230 1538; x_wconf 87' lang='lat' dir='ltr'><em>Audes</em></span> <span class='ocrx_word' id='word_1_82' title='bbox 253 1484 411 1558; x_wconf 71' lang='lat' dir='ltr'><em>praeterea,</em></span> <span class='ocrx_word' id='word_1_83' title='bbox 435 1497 513 1555; x_wconf 91' lang='lat' dir='ltr'><em>quos</em></span> <span class='ocrx_word' id='word_1_84' title='bbox 535 1476 636 1535; x_wconf 90' lang='lat' dir='ltr'><em>nullus</em></span> <span class='ocrx_word' id='word_1_85' title='bbox 660 1477 792 1550; x_wconf 80' lang='lat' dir='ltr'><em>noverit,</em></span> <span class='ocrx_word' id='word_1_86' title='bbox 817 1478 848 1536; x_wconf 92' lang='lat' dir='ltr'><em>in</em></span> <span class='ocrx_word' id='word_1_87' title='bbox 870 1497 919 1537; x_wconf 86' lang='lat' dir='ltr'><em>me</em></span> <span class='ocrx_word' id='word_1_88' title='bbox 953 1542 956 1548; x_wconf 54' lang='grc'><strong><em>,</em></strong></span> 
     </span>
     <span class='ocr_line' id='line_1_15' title="bbox 122 1573 960 1652; baseline 0 -19"><span class='ocrx_word' id='word_1_89' title='bbox 122 1575 264 1634; x_wconf 82' lang='lat' dir='ltr'><em>Scribere</em></span> <span class='ocrx_word' id='word_1_90' title='bbox 286 1573 455 1633; x_wconf 88' lang='lat' dir='ltr'><em>versiculos</em></span> <span class='ocrx_word' id='word_1_91' title='bbox 477 1574 604 1632; x_wconf 91' lang='lat' dir='ltr'><em>miseras</em></span> <span class='ocrx_word' id='word_1_92' title='bbox 626 1581 656 1631; x_wconf 91' lang='lat' dir='ltr'><em>et</em></span> <span class='ocrx_word' id='word_1_93' title='bbox 677 1573 805 1652; x_wconf 88' lang='lat' dir='ltr'><em>perdere</em></span> <span class='ocrx_word' id='word_1_94' title='bbox 827 1575 960 1633; x_wconf 72' lang='lat' dir='ltr'><em>chartas·</em></span> 
     </span>
     <span class='ocr_line' id='line_1_16' title="bbox 124 1669 908 1750; baseline -0.004 -19"><span class='ocrx_word' id='word_1_95' title='bbox 124 1675 168 1731; x_wconf 89' lang='lat' dir='ltr'><em>At</em></span> <span class='ocrx_word' id='word_1_96' title='bbox 188 1671 213 1728; x_wconf 88' lang='lat' dir='ltr'><em>si</em></span> <span class='ocrx_word' id='word_1_97' title='bbox 236 1670 312 1750; x_wconf 93' lang='lat' dir='ltr'><em>quid</em></span> <span class='ocrx_word' id='word_1_98' title='bbox 334 1677 447 1728; x_wconf 85' lang='lat' dir='ltr'><em>nostrae</em></span> <span class='ocrx_word' id='word_1_99' title='bbox 470 1670 526 1728; x_wconf 91' lang='lat' dir='ltr'><em>tibi</em></span> <span class='ocrx_word' id='word_1_100' title='bbox 547 1669 618 1728; x_wconf 91' lang='lat' dir='ltr'><em>bilis</em></span> <span class='ocrx_word' id='word_1_101' title='bbox 639 1669 785 1729; x_wconf 91' lang='lat' dir='ltr'><em>inusserit</em></span> <span class='ocrx_word' id='word_1_102' title='bbox 805 1670 908 1742; x_wconf 83' lang='lat' dir='ltr'><em>ardor,</em></span> 
     </span>
     <span class='ocr_line' id='line_1_17' title="bbox 125 1765 869 1847; baseline 0 -21"><span class='ocrx_word' id='word_1_103' title='bbox 125 1768 217 1827; x_wconf 91' lang='lat' dir='ltr'><em>Vivet</em></span> <span class='ocrx_word' id='word_1_104' title='bbox 239 1774 271 1827; x_wconf 91' lang='lat' dir='ltr'><em>et</em></span> <span class='ocrx_word' id='word_1_105' title='bbox 291 1767 418 1825; x_wconf 86' lang='lat' dir='ltr'><em>haerebit</em></span> <span class='ocrx_word' id='word_1_106' title='bbox 443 1774 568 1847; x_wconf 89' lang='lat' dir='ltr'><em>totaque</em></span> <span class='ocrx_word' id='word_1_107' title='bbox 590 1765 709 1845; x_wconf 84' lang='lat' dir='ltr'><em>legetur</em></span> <span class='ocrx_word' id='word_1_108' title='bbox 728 1767 760 1826; x_wconf 90' lang='lat' dir='ltr'><em>in</em></span> <span class='ocrx_word' id='word_1_109' title='bbox 784 1767 869 1840; x_wconf 85' lang='lat' dir='ltr'><em>urbe,</em></span> 
     </span>
     <span class='ocr_line' id='line_1_18' title="bbox 124 1863 888 1942; baseline 0 -18"><span class='ocrx_word' id='word_1_110' title='bbox 124 1864 276 1942; x_wconf 81' lang='lat' dir='ltr'><em>Stigmata</em></span> <span class='ocrx_word' id='word_1_111' title='bbox 298 1883 354 1922; x_wconf 89' lang='lat' dir='ltr'><em>nec</em></span> <span class='ocrx_word' id='word_1_112' title='bbox 374 1863 461 1922; x_wconf 87' lang='lat' dir='ltr'><em>valra</em></span> <span class='ocrx_word' id='word_1_113' title='bbox 483 1863 599 1922; x_wconf 90' lang='lat' dir='ltr'><em>delebit</em></span> <span class='ocrx_word' id='word_1_114' title='bbox 620 1863 791 1922; x_wconf 90' lang='lat' dir='ltr'><em>Cinnamus</em></span> <span class='ocrx_word' id='word_1_115' title='bbox 812 1871 888 1924; x_wconf 89' lang='lat' dir='ltr'><em>arte.</em></span> 
     </span>
     <span class='ocr_line' id='line_1_19' title="bbox 124 1957 876 2040; baseline 0.001 -20"><span class='ocrx_word' id='word_1_116' title='bbox 124 1960 187 2020; x_wconf 88' lang='lat' dir='ltr'><em>Sed</em></span> <span class='ocrx_word' id='word_1_117' title='bbox 208 1961 353 2020; x_wconf 89' lang='lat' dir='ltr'><em>miserere</em></span> <span class='ocrx_word' id='word_1_118' title='bbox 375 1960 431 2031; x_wconf 85' lang='lat' dir='ltr'><em>tui,</em></span> <span class='ocrx_word' id='word_1_119' title='bbox 454 1959 562 2018; x_wconf 89' lang='lat' dir='ltr'><em>rabido</em></span> <span class='ocrx_word' id='word_1_120' title='bbox 584 1957 640 2018; x_wconf 85' lang='lat' dir='ltr'><em>neo</em></span> <span class='ocrx_word' id='word_1_121' title='bbox 661 1959 801 2040; x_wconf 89' lang='lat' dir='ltr'><em>perditus</em></span> <span class='ocrx_word' id='word_1_122' title='bbox 823 1981 876 2021; x_wconf 83' lang='lat' dir='ltr'><em>ore</em></span> 
     </span>
     <span class='ocr_line' id='line_1_20' title="bbox 124 2057 811 2117; baseline -0.001 0"><span class='ocrx_word' id='word_1_123' title='bbox 124 2059 309 2117; x_wconf 83' lang='lat' dir='ltr'><em>Fumantem</em></span> <span class='ocrx_word' id='word_1_124' title='bbox 331 2077 440 2115; x_wconf 89' lang='lat' dir='ltr'><em>nasum</em></span> <span class='ocrx_word' id='word_1_125' title='bbox 462 2057 524 2114; x_wconf 89' lang='lat' dir='ltr'><em>vivi</em></span> <span class='ocrx_word' id='word_1_126' title='bbox 547 2057 714 2116; x_wconf 88' lang='lat' dir='ltr'><em>tentaveris</em></span> <span class='ocrx_word' id='word_1_127' title='bbox 737 2057 811 2116; x_wconf 89' lang='lat' dir='ltr'><em>ursi.</em></span> 
     </span>
    </p>
   </div>
   <div class='ocr_carea' id='block_1_5' title="bbox 7 2153 1008 2238">
    <p class='ocr_par' dir='ltr' id='par_1_6' title="bbox 7 2153 1008 2238">
     <span class='ocr_line' id='line_1_21' title="bbox 7 2153 1008 2238; baseline 0.001 -25"><span class='ocrx_word' id='word_1_128' title='bbox 7 2199 8 2238; x_wconf 61' lang='lat'>3</span> <span class='ocrx_word' id='word_1_129' title='bbox 124 2155 174 2214; x_wconf 92' lang='lat' dir='ltr'><em>Sit</em></span> <span class='ocrx_word' id='word_1_130' title='bbox 194 2153 334 2233; x_wconf 90' lang='lat' dir='ltr'><em>placidus</em></span> <span class='ocrx_word' id='word_1_131' title='bbox 356 2153 426 2211; x_wconf 89' lang='lat' dir='ltr'><em>licet</em></span> <span class='ocrx_word' id='word_1_132' title='bbox 448 2160 478 2213; x_wconf 89' lang='lat' dir='ltr'><em>et</em></span> <span class='ocrx_word' id='word_1_133' title='bbox 491 2153 607 2212; x_wconf 89' lang='lat' dir='ltr'><em>lambat</em></span> <span class='ocrx_word' id='word_1_134' title='bbox 628 2153 805 2234; x_wconf 85' lang='lat' dir='ltr'><em>digitosque</em></span> <span class='ocrx_word' id='word_1_135' title='bbox 826 2173 1008 2234; x_wconf 85' lang='lat' dir='ltr'><em>manusque,</em></span> 
     </span>
    </p>
   </div>
   <div class='ocr_carea' id='block_1_6' title="bbox 124 2249 1003 2525">
    <p class='ocr_par' dir='ltr' id='par_1_7' title="bbox 124 2249 1003 2525">
     <span class='ocr_line' id='line_1_22' title="bbox 125 2249 807 2329; baseline -0.001 -19"><span class='ocrx_word' id='word_1_136' title='bbox 125 2253 159 2311; x_wconf 87' lang='lat' dir='ltr'><em>si</em></span> <span class='ocrx_word' id='word_1_137' title='bbox 181 2250 270 2310; x_wconf 91' lang='lat' dir='ltr'><em>dolor</em></span> <span class='ocrx_word' id='word_1_138' title='bbox 290 2257 322 2309; x_wconf 93' lang='lat' dir='ltr'><em>et</em></span> <span class='ocrx_word' id='word_1_139' title='bbox 342 2249 422 2322; x_wconf 84' lang='lat' dir='ltr'><em>bilis,</em></span> <span class='ocrx_word' id='word_1_140' title='bbox 446 2250 470 2308; x_wconf 89' lang='lat' dir='ltr'><em>si</em></span> <span class='ocrx_word' id='word_1_141' title='bbox 489 2251 573 2329; x_wconf 85' lang='lat' dir='ltr'><em>justa</em></span> <span class='ocrx_word' id='word_1_142' title='bbox 594 2249 730 2328; x_wconf 87' lang='lat' dir='ltr'><em>coegerit</em></span> <span class='ocrx_word' id='word_1_143' title='bbox 751 2251 807 2319; x_wconf 80' lang='lat' dir='ltr'><em>ira,</em></span> 
     </span>
     <span class='ocr_line' id='line_1_23' title="bbox 125 2346 875 2426; baseline -0.005 -18"><span class='ocrx_word' id='word_1_144' title='bbox 125 2348 224 2408; x_wconf 90' lang='lat' dir='ltr'><em>Ursus</em></span> <span class='ocrx_word' id='word_1_145' title='bbox 246 2346 304 2406; x_wconf 86' lang='lat' dir='ltr'><em>erit</em></span> <span class='ocrx_word' id='word_1_146' title='bbox 328 2364 334 2406; x_wconf 92' lang='lat'><strong>:</strong></span> <span class='ocrx_word' id='word_1_147' title='bbox 358 2367 454 2406; x_wconf 87' lang='lat' dir='ltr'><em>vacua</em></span> <span class='ocrx_word' id='word_1_148' title='bbox 476 2347 583 2407; x_wconf 89' lang='lat' dir='ltr'><em>dentes</em></span> <span class='ocrx_word' id='word_1_149' title='bbox 605 2347 636 2406; x_wconf 89' lang='lat' dir='ltr'><em>in</em></span> <span class='ocrx_word' id='word_1_150' title='bbox 659 2346 737 2426; x_wconf 90' lang='lat' dir='ltr'><em>pelle</em></span> <span class='ocrx_word' id='word_1_151' title='bbox 755 2346 875 2425; x_wconf 79' lang='lat' dir='ltr'><em>fatiges,</em></span> 
     </span>
     <span class='ocr_line' id='line_1_24' title="bbox 124 2443 1003 2525; baseline 0 -21"><span class='ocrx_word' id='word_1_152' title='bbox 124 2445 165 2504; x_wconf 89' lang='lat' dir='ltr'><em>Et</em></span> <span class='ocrx_word' id='word_1_153' title='bbox 187 2444 313 2503; x_wconf 89' lang='lat' dir='ltr'><em>tacitam</em></span> <span class='ocrx_word' id='word_1_154' title='bbox 335 2463 464 2523; x_wconf 86' lang='lat' dir='ltr'><em>quaeras‚</em></span> <span class='ocrx_word' id='word_1_155' title='bbox 489 2463 581 2522; x_wconf 92' lang='lat' dir='ltr'><em>quam</em></span> <span class='ocrx_word' id='word_1_156' title='bbox 603 2445 703 2525; x_wconf 90' lang='lat' dir='ltr'><em>possis</em></span> <span class='ocrx_word' id='word_1_157' title='bbox 725 2443 844 2518; x_wconf 90' lang='lat' dir='ltr'><em>rodere,</em></span> <span class='ocrx_word' id='word_1_158' title='bbox 868 2463 1003 2504; x_wconf 87' lang='lat' dir='ltr'><em>carnem.</em></span> 
     </span>
    </p>
   </div>
   <div class='ocr_carea' id='block_1_7' title="bbox 328 2753 843 2811">
    <p class='ocr_par' dir='ltr' id='par_1_8' title="bbox 328 2753 843 2811">
     <span class='ocr_line' id='line_1_25' title="bbox 328 2753 843 2811; baseline -0.006 0"><span class='ocrx_word' id='word_1_159' title='bbox 328 2753 414 2811; x_wconf 81' lang='lat'><strong>341.</strong></span> <span class='ocrx_word' id='word_1_160' title='bbox 434 2753 589 2810; x_wconf 70' lang='lat' dir='ltr'><em>martial</em></span> <span class='ocrx_word' id='word_1_161' title='bbox 609 2753 633 2810; x_wconf 74' lang='lat' dir='ltr'><em>t</em></span> <span class='ocrx_word' id='word_1_162' title='bbox 652 2766 720 2811; x_wconf 85' lang='lat' dir='ltr'><em>son</em></span> <span class='ocrx_word' id='word_1_163' title='bbox 737 2754 843 2811; x_wconf 82' lang='lat' dir='ltr'><em>livre.</em></span> 
     </span>
    </p>
   </div>
   <div class='ocr_carea' id='block_1_8' title="bbox 238 2873 940 2958">
    <p class='ocr_par' dir='ltr' id='par_1_9' title="bbox 238 2873 940 2958">
     <span class='ocr_line' id='line_1_26' title="bbox 238 2873 940 2958; baseline 0 -22"><span class='ocrx_word' id='word_1_164' title='bbox 238 2873 409 2954; x_wconf 82' lang='lat' dir='ltr'><em>(Martialis</em></span> <span class='ocrx_word' id='word_1_165' title='bbox 433 2874 515 2936; x_wconf 85' lang='lat' dir='ltr'><em>libro</em></span> <span class='ocrx_word' id='word_1_166' title='bbox 536 2895 592 2935; x_wconf 88' lang='lat' dir='ltr'><em>suo</em></span> <span class='ocrx_word' id='word_1_167' title='bbox 609 2874 763 2958; x_wconf 84' lang='lat' dir='ltr'><em>quaedam</em></span> <span class='ocrx_word' id='word_1_168' title='bbox 787 2875 940 2956; x_wconf 82' lang='lat' dir='ltr'><em>mandat.)</em></span> 
     </span>
    </p>
   </div>
   <div class='ocr_carea' id='block_1_9' title="bbox 144 3076 952 3839">
    <p class='ocr_par' dir='ltr' id='par_1_10' title="bbox 144 3076 952 3839">
     <span class='ocr_line' id='line_1_27' title="bbox 144 3076 913 3160; baseline 0.001 -23"><span class='ocrx_word' id='word_1_169' title='bbox 144 3076 234 3137; x_wconf 88' lang='lat' dir='ltr'><em>Vade</em></span> <span class='ocrx_word' id='word_1_170' title='bbox 254 3077 420 3137; x_wconf 88' lang='lat' dir='ltr'><em>salutatum</em></span> <span class='ocrx_word' id='word_1_171' title='bbox 441 3098 498 3160; x_wconf 93' lang='lat' dir='ltr'><em>pro</em></span> <span class='ocrx_word' id='word_1_172' title='bbox 519 3099 577 3152; x_wconf 90' lang='lat' dir='ltr'><em>me,</em></span> <span class='ocrx_word' id='word_1_173' title='bbox 601 3077 679 3138; x_wconf 85' lang='lat' dir='ltr'><em>liber</em></span> <span class='ocrx_word' id='word_1_174' title='bbox 702 3097 709 3140; x_wconf 90' lang='lat'>:</span> <span class='ocrx_word' id='word_1_175' title='bbox 732 3078 776 3137; x_wconf 91' lang='lat' dir='ltr'><em>ire</em></span> <span class='ocrx_word' id='word_1_176' title='bbox 794 3078 913 3158; x_wconf 87' lang='lat' dir='ltr'><em>juberis</em></span> 
     </span>
     <span class='ocr_line' id='line_1_28' title="bbox 189 3172 812 3249; baseline 0.003 -16"><span class='ocrx_word' id='word_1_177' title='bbox 189 3173 238 3233; x_wconf 88' lang='lat' dir='ltr'><em>Ad</em></span> <span class='ocrx_word' id='word_1_178' title='bbox 260 3172 382 3233; x_wconf 91' lang='lat' dir='ltr'><em>Proculi</em></span> <span class='ocrx_word' id='word_1_179' title='bbox 405 3174 530 3247; x_wconf 89' lang='lat' dir='ltr'><em>nitidos,</em></span> <span class='ocrx_word' id='word_1_180' title='bbox 555 3175 700 3249; x_wconf 86' lang='lat' dir='ltr'><em>officiose,</em></span> <span class='ocrx_word' id='word_1_181' title='bbox 723 3175 812 3237; x_wconf 82' lang='lat' dir='ltr'><em>lares</em></span> 
     </span>
     <span class='ocr_line' id='line_1_29' title="bbox 145 3270 931 3338; baseline 0.004 -9"><span class='ocrx_word' id='word_1_182' title='bbox 145 3270 268 3338; x_wconf 88' lang='lat' dir='ltr'><em>Quaeris</em></span> <span class='ocrx_word' id='word_1_183' title='bbox 289 3270 369 3331; x_wconf 81' lang='lat' dir='ltr'><em>iter?</em></span> <span class='ocrx_word' id='word_1_184' title='bbox 391 3271 502 3332; x_wconf 90' lang='lat' dir='ltr'><em>dicam.</em></span> <span class='ocrx_word' id='word_1_185' title='bbox 526 3271 672 3331; x_wconf 90' lang='lat' dir='ltr'><em>Vicinum</em></span> <span class='ocrx_word' id='word_1_186' title='bbox 695 3273 824 3334; x_wconf 81' lang='lat' dir='ltr'><em>Castora</em></span> <span class='ocrx_word' id='word_1_187' title='bbox 845 3293 931 3332; x_wconf 87' lang='lat' dir='ltr'><em>cauae</em></span> 
     </span>
     <span class='ocr_line' id='line_1_30' title="bbox 189 3365 892 3448; baseline 0.004 -24"><span class='ocrx_word' id='word_1_188' title='bbox 189 3365 348 3426; x_wconf 88' lang='lat' dir='ltr'><em>Transibis</em></span> <span class='ocrx_word' id='word_1_189' title='bbox 365 3368 479 3441; x_wconf 70' lang='lat' dir='ltr'><em>Vestes,</em></span> <span class='ocrx_word' id='word_1_190' title='bbox 502 3368 733 3448; x_wconf 90' lang='lat' dir='ltr'><em>virgineamque</em></span> <span class='ocrx_word' id='word_1_191' title='bbox 755 3368 892 3428; x_wconf 92' lang='lat' dir='ltr'><em>domum.</em></span> 
     </span>
     <span class='ocr_line' id='line_1_31' title="bbox 147 3462 888 3546; baseline 0.003 -24"><span class='ocrx_word' id='word_1_192' title='bbox 147 3462 226 3522; x_wconf 85' lang='lat' dir='ltr'><em>lnde</em></span> <span class='ocrx_word' id='word_1_193' title='bbox 247 3484 333 3523; x_wconf 89' lang='lat' dir='ltr'><em>sacro</em></span> <span class='ocrx_word' id='word_1_194' title='bbox 354 3465 530 3524; x_wconf 89' lang='lat' dir='ltr'><em>veneranda</em></span> <span class='ocrx_word' id='word_1_195' title='bbox 551 3473 636 3546; x_wconf 88' lang='lat' dir='ltr'><em>petes</em></span> <span class='ocrx_word' id='word_1_196' title='bbox 658 3465 773 3524; x_wconf 87' lang='lat' dir='ltr'><em>Palatia</em></span> <span class='ocrx_word' id='word_1_197' title='bbox 795 3466 888 3540; x_wconf 85' lang='lat' dir='ltr'><em>clive,</em></span> 
     </span>
     <span class='ocr_line' id='line_1_32' title="bbox 192 3558 912 3641; baseline 0.006 -22"><span class='ocrx_word' id='word_1_198' title='bbox 192 3558 327 3620; x_wconf 90' lang='lat' dir='ltr'><em>Plurima</em></span> <span class='ocrx_word' id='word_1_199' title='bbox 349 3582 408 3641; x_wconf 90' lang='lat' dir='ltr'><em>qua</em></span> <span class='ocrx_word' id='word_1_200' title='bbox 430 3562 542 3621; x_wconf 90' lang='lat' dir='ltr'><em>summi</em></span> <span class='ocrx_word' id='word_1_201' title='bbox 564 3562 662 3640; x_wconf 81' lang='lat' dir='ltr'><em>fulget</em></span> <span class='ocrx_word' id='word_1_202' title='bbox 683 3563 785 3641; x_wconf 88' lang='lat' dir='ltr'><em>imago</em></span> <span class='ocrx_word' id='word_1_203' title='bbox 806 3563 912 3624; x_wconf 80' lang='lat' dir='ltr'><em>Ducis</em></span> 
     </span>
     <span class='ocr_line' id='line_1_33' title="bbox 148 3656 797 3718; baseline 0.003 -2"><span class='ocrx_word' id='word_1_204' title='bbox 148 3656 216 3716; x_wconf 91' lang='lat' dir='ltr'><em>Nec</em></span> <span class='ocrx_word' id='word_1_205' title='bbox 238 3663 268 3716; x_wconf 90' lang='lat' dir='ltr'><em>te</em></span> <span class='ocrx_word' id='word_1_206' title='bbox 288 3656 426 3718; x_wconf 89' lang='lat' dir='ltr'><em>detineat</em></span> <span class='ocrx_word' id='word_1_207' title='bbox 446 3659 516 3717; x_wconf 87' lang='lat' dir='ltr'><em>miri</em></span> <span class='ocrx_word' id='word_1_208' title='bbox 537 3660 654 3718; x_wconf 86' lang='lat' dir='ltr'><em>radiata</em></span> <span class='ocrx_word' id='word_1_209' title='bbox 678 3660 797 3718; x_wconf 90' lang='lat' dir='ltr'><em>Colossi</em></span> 
     </span>
     <span class='ocr_line' id='line_1_34' title="bbox 192 3751 952 3839; baseline 0.012 -28"><span class='ocrx_word' id='word_1_210' title='bbox 192 3751 267 3820; x_wconf 80' lang='lat' dir='ltr'><em>Quae</em></span> <span class='ocrx_word' id='word_1_211' title='bbox 288 3754 445 3815; x_wconf 88' lang='lat' dir='ltr'><em>Rhodium</em></span> <span class='ocrx_word' id='word_1_212' title='bbox 467 3756 563 3815; x_wconf 91' lang='lat' dir='ltr'><em>moles</em></span> <span class='ocrx_word' id='word_1_213' title='bbox 584 3757 707 3816; x_wconf 90' lang='lat' dir='ltr'><em>vincere</em></span> <span class='ocrx_word' id='word_1_214' title='bbox 729 3757 843 3834; x_wconf 88' lang='lat' dir='ltr'><em>gaudet</em></span> <span class='ocrx_word' id='word_1_215' title='bbox 864 3778 952 3839; x_wconf 83' lang='lat' dir='ltr'><em>opus.</em></span> 
     </span>
    </p>
   </div>
   <div class='ocr_carea' id='block_1_10' title="bbox 516 3944 672 3995">
    <p class='ocr_par' dir='ltr' id='par_1_11' title="bbox 516 3944 672 3995">
     <span class='ocr_line' id='line_1_35' title="bbox 516 3944 672 3995; baseline -0.006 0"><span class='ocrx_word' id='word_1_216' title='bbox 516 3944 672 3995; x_wconf 78' lang='lat' dir='ltr'><em>-aao-</em></span> 
     </span>
    </p>
   </div>
   <div class='ocr_carea' id='block_1_11' title="bbox 0 0 1347 4250">
    <p class='ocr_par' dir='ltr' id='par_1_12' title="bbox 0 0 1347 4250">
     <span class='ocr_line' id='line_1_36' title="bbox 0 0 1347 4250; baseline 0 0"><span class='ocrx_word' id='word_1_217' title='bbox 0 0 1347 4250; x_wconf 95' lang='lat' dir='ltr'><em> </em></span> 
     </span>
    </p>
   </div>
  </div>
 </body>
</html>
