2682 4258
132 139 214 196 439.
231 141 282 196 De
296 140 335 196 la
350 138 490 207 raison,
506 138 580 196 lien
600 139 705 197 entre
725 137 889 194 l’homme
905 139 943 194 et
957 137 1058 194 Dieu.

284 225 445 308 (Homines
466 247 536 284 cum
558 223 607 284 dia
629 223 708 285 ratio
729 224 917 306 consociat).
959 271 961 275 .
1004 270 1005 275 κ

137 375 276 436 Animal.
296 374 355 435 hoc
390 374 570 454 providum,
606 395 715 452 sagax,
748 373 922 454 multiplex,
957 381 1096 449 acutum,
1128 373 1169 438 2'

99 493 224 545 memor,
242 473 366 552 plenum
382 455 511 530 rationis
528 480 558 530 et
580 471 711 544 consilii,
729 492 819 552 quem
835 491 982 532 vocamus
997 471 1099 530 homi-

11 569 12 664 }
101 591 179 643 nem,
214 568 371 649 praeclara
404 568 535 648 quadam
569 567 752 628 condicione
780 576 960 646 generatum
997 576 1044 627 est
1082 587 1100 627 a
1133 597 1136 604 ·

100 685 244 746 supremo
257 665 332 738 de0;
347 665 446 725 solum
462 672 508 724 est
532 665 610 723 enim
634 686 671 724 ex
686 671 734 724 tot
752 665 955 724 animantium
982 663 1101 742 generi-

101 763 158 821 hus
184 770 276 841 atque
298 762 421 844 naturis·
436 762 589 841 particeps
613 762 741 820 rationis
755 769 786 821 ct
802 761 1011 840 cogitationiS,
1029 781 1101 820 cum

100 868 200 918 cetera
219 859 281 918 sint
300 859 401 917 omnia
421 858 570 937 expertia.
592 857 671 924 Quid
694 865 740 918 est
759 866 861 917 autem
878 879 940 917 non
955 858 1055 916 dicam
1068 857 1101 916 in

100 956 234 1029 homine,
260 954 364 1014 sedin
388 955 471 1014 omni
491 955 567 1013 caelo
591 961 683 1035 atque
702 963 782 1025 terra
802 955 921 1026 ratione
939 953 1101 1036 divinius?
1169 1005 1178 1012 .,

100 1074 168 1132 quae
197 1072 268 1111 cum
293 1052 430 1111 adolevit
454 1058 548 1131 atque
585 1051 720 1130 perfecta
746 1058 803 1125 est,
832 1035 1010 1110 nominatur
1041 1050 1101 1109 rite
1140 1049 1142 1056 ’

100 1149 259 1229 sapientia.
289 1149 344 1216 Est
365 1133 468 1228 igitur,
496 1147 642 1226 quoniam
671 1148 747 1206 nihil
771 1155 818 1208 est
843 1144 961 1208 ratione
992 1147 1102 1206 melius

100 1266 196 1326 eaque
216 1253 262 1304 cst
279 1253 309 1304 et
339 1246 370 1304 iu
399 1243 524 1304 homine
548 1253 579 1304 ct
604 1245 635 1302 in
655 1244 724 1318 deo,
752 1247 850 1325 prima
883 1244 1000 1304 homini
1030 1263 1103 1310 cum

100 1342 299 1402 decretionis
314 1341 460 1414 societas;
475 1341 557 1400 inter
571 1361 648 1421 quos
663 1349 764 1400 autem
780 1342 869 1414 ratio,
884 1342 966 1400 inter
979 1340 1102 1399 eosdem

100 1439 193 1498 etiam
217 1448 300 1498 recta
318 1440 396 1497 ratio
414 1437 585 1497 communis
605 1446 665 1512 est;
688 1459 766 1516 quac
789 1460 859 1498 cum
886 1439 926 1496 sit
949 1424 1008 1510 len,
1035 1437 1102 1515 lege

100 1556 224 1614 quoque
239 1535 408 1594 consociati
426 1535 566 1612 homines
585 1555 654 1593 cum
673 1535 860 1614 disputandi
881 1556 997 1594 sumus.
1018 1535 1104 1593 Inter

101 1653 178 1712 quos
195 1653 286 1711 porro
300 1639 346 1691 cst
362 1631 539 1718 communio
559 1631 646 1710 legis,
666 1632 814 1690 intereos
836 1632 1012 1692 communio
1023 1630 1104 1711 juris

102 1735 163 1802 est;
183 1729 296 1809 quibus
314 1735 416 1787 autem
436 1727 512 1788 haec
529 1736 601 1787 sunt
617 1729 698 1787 inter
716 1750 768 1787 eos
788 1729 973 1801 communia,
992 1729 1012 1787 ii
1029 1727 1103 1790 civi-

101 1827 173 1884 tatis
185 1825 323 1904 cjusdem
338 1825 470 1883 habendi
480 1831 567 1890 sunt;
581 1826 605 1883 si
618 1847 691 1884 vero
702 1826 799 1884 isdem
811 1825 948 1905 imperiis
959 1831 989 1884 et
1001 1833 1104 1904 potes-

102 1923 218 1981 tatibus
237 1930 357 2002 parent‚
375 1922 472 1980 multo
489 1922 553 2001 jam
573 1924 687 2000 magis,
705 1930 814 2001 parcnt
833 1930 936 1981 autem
953 1923 1023 1980 huic
1037 1943 1105 1980 cae·

102 2020 171 2078 lesti
186 2019 385 2098 descriptioni
401 2019 556 2099 mentique
578 2019 699 2078 divinae
714 2028 745 2078 ct
765 2019 957 2098 praepotenti
973 2004 1031 2077 deo
1049 2025 1105 2077 :ut

101 2115 163 2194 jam
184 2116 346 2175 universus
368 2115 419 2174 hic
440 2115 573 2174 mundus
589 2137 649 2175 una
667 2117 773 2175 civitas
789 2116 828 2174 sit
843 2116 1015 2174 communis
1030 2114 1104 2173 deo-

104 2233 171 2272 rum
187 2220 279 2292 atque
297 2213 456 2271 hominum
479 2212 693 2273 existimanda.
909 2203 910 2208 ἵ

230 2399 315 2454 440.
335 2397 474 2454 Vivens
495 2409 582 2454 sous
601 2398 635 2453 le
655 2399 795 2466 regard
814 2399 859 2454 de
877 2398 978 2455 Dieu.
1082 2481 1083 2484 Ἴ

207 2491 270 2573 (Sic
285 2490 400 2582 omnia,
425 2499 585 2575 tamquam
606 2492 671 2552 Deo
692 2492 824 2565 vidente,
841 2493 1020 2576 faciamus.)
1136 2485 1139 2490 ⁸

146 2669 160 2700 α
181 2642 304 2722 Aliquis
321 2643 370 2700 vir
384 2643 588 2702 bonus-nobis
603 2643 761 2722 eligendus
776 2650 832 2717 est,
850 2663 884 2702 ac
899 2663 1020 2722 semper
1035 2650 1107 2701 ante
1133 2637 1175 2699 3⁸

106 2739 212 2799 oculos
227 2738 397 2811 habendus,
413 2746 447 2798 ut
463 2739 505 2799 sic
525 2747 680 2819 tamquam
701 2740 753 2799 illo
771 2747 928 2821 spectante
953 2740 1105 2812 vivamuS,

106 2844 137 2895 et
153 2837 258 2895 omnia
272 2843 429 2915 tamquam
449 2836 503 2894 illo
523 2836 647 2895 vidente
665 2837 822 2897 faciamus,
840 2862 853 2892 a
871 2839 938 2896 lloc
957 2837 1108 2915 Epicurus

107 2933 274 3012 praecepit.
309 2933 477 2992 Custodem
511 2933 599 2992 nobis
628 2941 658 2992 et
683 2933 893 3012 paedagogum
923 2933 1020 3006 dedit,
1051 2954 1108 2992 nec

108 3031 283 3089 immerito:
304 3050 415 3107 magna
431 3050 503 3108 pars
524 3037 723 3108 peccatorum
744 3029 873 3104 tollitur,
891 3030 916 3087 si
934 3030 1109 3109 peccaturis

107 3128 194 3186 testis
220 3126 353 3186 adsistit.
376 3127 518 3207 Aliquem
543 3127 654 3185 habeat
680 3127 812 3200 animus,
834 3147 924 3206 quem
953 3135 1109 3208 vereatur,¹

107 3224 196 3304 cujus
214 3223 397 3282 auctoritate
412 3223 503 3282 etiam
522 3230 672 3282 secretum
693 3243 782 3282 suum
803 3224 937 3282 sanctius
958 3224 1060 3284 faciat.
1082 3223 1109 3283 Ο

107 3319 229 3378 felicem
244 3318 329 3378 illum
343 3319 468 3398 quinon
480 3327 768 3399 praesenstantum,
784 3320 941 3379 sedetiam
955 3321 1110 3398 cogitatus

107 3416 267 3476 emendat!
289 3415 464 3489 Ofelicem,
483 3416 535 3497 qui
553 3416 597 3475 sic
612 3417 744 3496 aliquem
765 3417 864 3475 vereri
877 3424 989 3496 potest,
1015 3427 1049 3477 ut
1070 3418 1110 3478 ad
1128 3433 1130 3439 “

108 3513 288 3572 memoriam
302 3534 425 3593 quoque
434 3514 500 3594 ejus
513 3535 544 3572 se
557 3521 723 3594 componat
732 3522 822 3594 atque
834 3514 975 3572 ordinet!
994 3515 1052 3582 Qui
1066 3516 1110 3574 sic

108 3611 244 3690 aliquem
268 3611 366 3668 vereri
391 3618 503 3690 potest,
531 3611 593 3670 cito
620 3611 679 3669 erit
707 3611 871 3670 verendus.
899 3611 982 3688 Elige
1005 3612 1110 3692 itaque

109 3708 262 3767 Catonem
278 3726 285 3767 ε
302 3707 327 3765 si
342 3707 393 3766 hic
408 3707 463 3765 tibi
477 3708 601 3766 videtur
615 3708 705 3766 nimis
718 3709 846 3784 rigidus
862 3708 939 3786 elige
957 3709 1111 3769 remissio-

533 3885 689 3945 -al9-
