2682 4258
338 163 421 222 398.
442 166 496 222 La
515 163 632 233 gleire
652 161 854 220 tttte'ralre.

195 257 343 340 (Litterae
364 258 554 340 scriptorum
576 280 688 320 nomen
708 259 812 340 fernae
834 257 988 318 inserunt.

138 410 198 468 Hic
220 429 287 488 ego,
310 409 449 468 finitimis
471 409 844 489 quamvisoircumsoner
864 407 969 482 armis,
1130 405 1172 471 3·

214 506 338 577 Tristia,
362 527 424 585 quo
446 526 584 586 possum,
608 505 827 566 carmine'lata
848 504 930 564 levo.

133 603 224 670 Quod
247 603 389 683 quamvis
411 623 501 661 nemo
524 611 570 661 est
591 605 681 683 cujus
701 602 853 662 reseratur
873 601 913 660 ad
933 621 1034 676 auree,

216 700 267 759 Sic
289 708 392 758 tamen
414 699 543 759 absumo
565 699 748 780 decipioque
770 699 862 760 diem.

140 797 222 875 Ergo
244 796 327 876 quod
350 797 422 855 vivo
444 795 591 877 durisque
612 796 769 856 laboribus
791 796 892 870 obsto,

219 893 282 952 Nec
303 914 353 951 me
374 893 523 953 sollicitae
545 895 636 952 tedia
658 894 735 953 lucis
757 893 882 966 habent,

135 989 255 1063 Gratia,
279 989 380 1064 Musa,
402 989 481 1048 tibi!
505 1011 575 1049 nam
597 997 631 1049 tu
654 990 765 1050 solacia
788 990 927 1069 praebes,

216 1085 267 1147 Tu,
284 1107 376 1145 curae
398 1086 531 1166 requieS,
555 1094 590 1145 tu
612 1087 764 1147 medicina
784 1087 882 1158 venis,

134 1183 181 1242 Tu
204 1183 267 1242 dux
287 1191 320 1242 et
341 1203 445 1242 comes
466 1202 514 1254 es3
539 1192 573 1242 tu
595 1204 651 1242 nos
673 1184 799 1243 abducis
821 1181 859 1242 ab
882 1183 1002 1258 Histr0,

221 1280 256 1338 ln
279 1279 443 1359 medioque
465 1280 540 1338 mihi
562 1281 616 1351 das
639 1281 787 1340 Helicone
809 1280 928 1352 loeum;

135 1377 183 1436 Tu
205 1377 291 1450 mihi,
316 1378 399 1456 quod
420 1398 523 1437 rarum
546 1385 602 1453 est,
626 1378 699 1436 vivo
720 1377 850 1436 sublime
871 1377 984 1436 dedisti

216 1473 347 1547 Nomen,
372 1474 409 1532 ab
431 1475 584 1555 exsequiis
606 1474 689 1554 quod
712 1474 785 1533 dare
806 1474 886 1533 lama
909 1473 997 1534 solet.
1021 1515 1025 1524 ·

135 1570 210 1643 Nec,
236 1571 289 1653 qui
311 1570 463 1630 detrectat
483 1572 658 1652 praesentia,
684 1572 777 1632 Livor
798 1571 905 1652 iniquo

217 1667 322 1726 Ullum
345 1669 383 1728 de
404 1669 517 1727 nostris
540 1667 820 1729 dente‘momordit
841 1688 930 1747 opus.

137 1765 215 1822 Nam
236 1765 365 1824 tulerint
387 1785 514 1842 magnos
536 1785 606 1824 cum
629 1765 750 1824 saecula
772 1771 877 1824 nostra
898 1770 1016 1844 poetas,

217 1862 287 1920 Non
309 1861 370 1920 fuit
391 1862 516 1940 ingenio
538 1862 618 1921 lama
641 1862 773 1940 maligna
796 1879 882 1934 me0;

136 1957 278 2037 Cumque
300 1979 358 2036 ego
379 1979 566 2038 praeponam
589 1959 703 2019 multos
724 1958 811 2031 mihi,
835 1978 899 2017 non
920 1957 1022 2016 minor
1041 1955 1103 2018 illis

215 2055 320 2130 Dicor,
344 2064 376 2114 et
396 2056 428 2114 in
450 2063 517 2115 toto
539 2056 690 2137 plurimus
713 2055 786 2115 orbe
807 2056 903 2132 legor.

137 2151 169 2210 Si
192 2152 266 2231 quid
287 2151 403 2212 habent
425 2152 520 2231 igitur
542 2161 649 2212 vatum
671 2152 829 2233 praesagia
850 2150 925 2224 veri,

215 2248 365 2309 Protinus
387 2257 422 2309 ut
443 2250 567 2324 moriar,
592 2269 654 2310 non
676 2270 739 2323 ero,
763 2255 855 2322 terra,
877 2255 961 2310 tuus.

274 2443 357 2502 399.
378 2444 597 2514 Avantages
618 2445 662 2502 de
681 2443 721 2500 la
738 2441 924 2512 puhnclte.

180 2539 292 2617 (Quam
315 2539 390 2599 utile
411 2538 453 2600 sit
473 2538 599 2621 scriptis
621 2539 655 2599 in
676 2539 794 2622 vulqus·
806 2541 1021 2622 permanare.)

139 2691 305 2749 Hominem
324 2697 355 2749 te
370 2690 550 2770 patientem,
566 2690 614 2749 vel
630 2689 733 2770 potius
749 2691 859 2750 durum
879 2711 914 2748 ac
930 2711 1017 2770 paene
1031 2711 1102 2749 cru·
1129 2686 1170 2750 2·

6 2781 7 2860 ,
92 2786 207 2860 delem,
223 2787 276 2867 qui
291 2794 354 2847 tam
370 2786 505 2865 insignes
525 2786 620 2845 libros
640 2794 702 2844 tam
719 2785 773 2844 diu
790 2789 915 2845 teneas!
935 2787 1100 2866 Quousque
1192 2819 1205 2832 ·

93 2893 125 2944 et
141 2883 199 2942 tibi
217 2891 248 2943 et
263 2883 352 2942 nobis
366 2883 531 2956 invidebis
550 2883 606 2942 tibi
621 2884 753 2942 maxima
768 2883 869 2954 laude,
887 2883 974 2940 nobis
993 2883 1101 2963 volup-

6 2971 7 2990 ³
93 2983 184 3040 tate?
199 2981 272 3038 Sine
299 3001 426 3060 perora
443 2981 604 3040 hominum
621 2981 770 3052 ferantur,
795 2979 966 3059 iisdemque
987 2978 1100 3060 quibus

93 3078 200 3155 lingua
218 3077 358 3136 Romana
378 3076 484 3156 spatiis
504 3083 722 3156 pervagentur.
744 3077 856 3154 Magna
874 3077 983 3156 etjam
1008 3076 1100 3153 longa

93 3174 284 3253 exspectatio
314 3181 371 3245 est,
402 3194 494 3253 quam
530 3173 800 3233 frustrarivadhuc
827 3181 858 3231 et
887 3172 1007 3232 differre
1036 3193 1099 3231 non

93 3271 198 3331 debes,
214 3271 410 3330 Enotuerunt
430 3271 554 3351 quidam
570 3270 616 3328 tui
630 3291 748 3342 versus,
765 3278 807 3342 et,
830 3269 930 3328 invito
943 3279 984 3341 te,
999 3269 1099 3329 claus-

93 3377 141 3427 tra
155 3388 210 3426 sua
221 3367 425 3445 refregerunt.
440 3368 504 3428 Hos
519 3360 583 3426 nisi
592 3367 723 3426 retrahis
734 3367 764 3425 in
776 3387 899 3446 corpus,
913 3367 1099 3447 quandoque

93 3472 128 3523 ut
152 3484 276 3522 errones
297 3464 429 3543 aliquem
451 3464 539 3544 cujus
560 3464 704 3524 dicantur
726 3464 896 3523 invenient.
923 3463 1010 3522 Habe
1028 3471 1099 3524 ante

60 3591 66 3601 ·
91 3560 201 3621 oculos
211 3561 469 3634 mortalitatem,a
485 3582 544 3640 qua
558 3581 691 3620 asserere
704 3567 735 3620 te
747 3561 805 3620 hoc
821 3580 882 3619 uno
898 3568 1099 3620 monumento

93 3665 195 3738 potes.
211 3657 289 3716 Nam
305 3666 405 3717 cetera
425 3658 545 3736 fragilia
558 3666 589 3716 et
603 3657 719 3717 caduca
733 3678 795 3717 non
810 3658 912 3716 minus
928 3679 1020 3737 quam
1038 3658 1098 3738 ipsi
1181 3665 1182 3668 ’

94 3756 237 3815 homines
261 3754 408 3814 occidunt
431 3755 648 3835 desinuntque.
678 3754 779 3827 Dices,
805 3761 839 3813 ut
866 3755 969 3814 soles:
993 3752 1101 3814 Amici

521 3914 677 3964 ..2¹87-
