2656 4258
532 161 541 194 1
595 146 643 205 ns's
665 169 773 205 sununs

186 284 335 356 rogasset,
361 278 529 357 respondit,
548 275 690 360 nomem
707 299 745 337 an
767 279 1004 338 commentarios
1028 278 1183 357 scripturo

145 375 332 447 dedisset,
348 373 448 438 Dedi;
469 395 508 434 an
535 375 651 433 sciente
680 374 787 450 matre,
817 373 993 436 Nesciente.
1018 375 1178 434 Postremo

186 470 301 530 nullam
322 491 430 531 vocem
445 455 603 531 cedentem
619 471 757 551 periculo
774 473 894 531 emisit.
910 471 992 538 Quin
1007 471 1097 530 etiam
1114 463 1184 530 illos

184 567 268 653 ipsos
292 567 397 638 libros,
417 587 602 649 quamquam
619 589 656 633 ex
670 569 851 627 necessitate
862 577 893 628 et
909 575 992 628 metu
1008 575 1184 675 temporum

184 662 316 724 abolitos
327 663 594 724 senatusconsulto
598 649 885 744 ,publicatisbonis,
899 665 1043 736 servavit,
1022 662 1182 738 thabuit‚

183 759 317 843 tulitque
329 760 507 821 inexsilium
523 761 622 820 exsilii
636 782 770 822 causam
789 761 901 820 Eadem
921 782 1012 842 quam
1032 752 1181 840 jucunda,

182 876 276 940 quam
290 858 398 931 comis,
424 879 516 938 quam
534 857 666 938 denique
683 858 775 937 (quod
792 846 898 938 paucis
914 858 1020 916 datum
1042 859 1097 934 est)
1118 874 1183 916 non

183 953 284 1036 minus
309 954 447 1036 amabilis
467 975 568 1035 quam¹
592 948 781 1014 veneranda!
809 955 914 1014 Eritne
951 975 1041 1036 quam
1073 961 1181 1034 postea

182 1050 328 1120 uxoribus
345 1051 458 1125 nostris
471 1058 624 1110 ostentare
644 1052 796 1131 possimus
811 1053 826 1110 ‘l
841 1053 899 1110 erit
913 1073 930 1110 a
951 1072 1012 1132 qua
1027 1041 1084 1109 viri
1104 1071 1182 1130 quo·
1205 1129 1207 1134 Ι

182 1166 242 1228 que
264 1146 462 1228 fortitudinis.
478 1146 616 1226 exempla
640 1149 817 1207 sumamus?
833 1169 924 1228 quam
948 1148 991 1206 sic
1019 1155 1181 1207 cernentes

180 1243 402 1329 audientesque
433 1227 579 1302 miremur
607 1251 642 1303 ut
664 1243 731 1302 illas
758 1265 825 1325 quae
844 1245 1017 1322 leguntur?
1038 1247 1084 1303 Ac
1104 1242 1182 1300 mihi

180 1339 289 1400 domus
304 1340 371 1428 ipsa
384 1347 503 1411 nutare,
520 1341 729 1421 convulsaque
739 1341 863 1400 sedibus
876 1342 939 1400 suis
952 1341 1072 1417 ruitura
1081 1359 1181 1424 'supra
1204 1407 1205 1410 J

178 1435 311 1524 videtur,
329 1437 401 1495 licet
417 1437 517 1496 adhuc
532 1443 672 1526 posteros
688 1437 808 1497 habeat.
1204 1431 1206 1436 ¹

321 1622 401 1679 140.
421 1622 452 1679 A
466 1623 505 1679 la
518 1623 591 1678 fille
604 1624 648 1679 de
662 1619 872 1680 Cremutius.
886 1623 1034 1712 Gordus.

424 1725 502 1812 (Ad
513 1725 667 1787 Cremutii
679 1725 777 1818 Cordi
791 1727 918 1806 filiam.)
1019 1715 1023 1727 ’

3 1864 35 1949 ij
111 1894 167 1954 κὴ,
207 1884 348 1943 ¹Mortem
362 1885 496 1964 parentis
512 1886 569 1958 tui,
586 1892 736 1965 quantum
750 1894 882 1964 poteras,
895 1885 1068 1945 inhibuisti.
1088 1885 1178 1944 Post-

176 2001 268 2059 quam
283 1979 338 2040 tibi
356 1983 498 2062 apparuit
514 1982 595 2040 inter
613 1982 792 2061 Sejanianos
810 1981 955 2040 satellites
982 1982 1063 2040 illam
1083 2001 1177 2042 unam

175 2083 280 2155 patere
307 2078 464 2137 servitutis
492 2079 608 2156 lugam,
637 2098 699 2136 non
723 2079 826 2136 favisti
851 2078 980 2137 consilio
1004 2078 1087 2157 ejus,
1120 2077 1177 2136 scd

175 2172 286 2232 dedisti
302 2195 410 2233 manus
436 2176 528 2248 victa,
550 2169 718 2254 fudistique
738 2175 888 2233 lacrimas.
914 2175 1016 2234 Palam
1036 2182 1066 2233 et
1080 2173 1179 2252 gemi-

175 2276 225 2328 tus
244 2270 398 2329 devorasti
415 2271 551 2350 quidem,
570 2292 630 2330 non
651 2279 752 2332 tamen
769 2272 857 2329 hilari
887 2271 988 2330 fronte
1007 2271 1125 2342 texisti
1142 2279 1178 2330 et
1226 2289 1234 2306 ⁸

174 2365 243 2438 hoc,
260 2366 313 2425 illo
329 2367 529 2446 saecu10,quo
542 2388 651 2444 magna
666 2367 731 2446 piet
733 2389 765 2426 as
776 2376 841 2426 erat
829 2367 953 2426 tnihil
947 2369 1046 2462 impie
1060 2367 1174 2428 lacere.

176 2461 218 2520 Ut
240 2483 314 2521 vero
340 2463 472 2542 aliquam
501 2465 694 2524 occasionem
722 2471 821 2523 mutat
824 2465 853 2522 io
876 2466 1072 2545 temporum
1074 2464 1174 2534 dedit

172 2578 329 2635 ingenium
347 2566 441 2638 paris
455 2561 511 2630 tui
535 2560 648 2640 dequo
664 2567 821 2640 sumptum
842 2568 906 2619 erat
926 2560 1176 2640 supp'liciumsin

172 2655 272 2714 visum
288 2655 446 2715 hominum
460 2657 619 2727 reduxisti,
634 2665 665 2716 et
677 2678 693 2716 a
704 2677 776 2715 vera
785 2657 870 2715 illum
883 2657 1045 2716 vindicasti
1058 2664 1174 2728 morte,

170 2773 207 2812 ac
221 2742 383 2812 restituisti
413 2753 445 2811 in
465 2753 587 2834 publica
611 2760 810 2812 monumenta
836 2753 934 2812 libros
959 2774 1037 2833 quos
1056 2753 1103 2810 vir
1119 2752 1175 2813 ille

172 2848 358 2908 fortissimus
378 2845 608 2928 sanguinesuo
618 2847 797 2929 scripserat.
828 2845 952 2929 Optime
979 2850 1116 2910 meruisti
1131 2849 1175 2910 de

170 2946 305 3005 romanis
328 2945 437 3005 studiis
457 2965 584 3024 :magna
609 2946 732 3005 illorum
757 2967 825 3025 pars
840 2954 977 3020 ‚arserat3
999 2948 1115 3028 optime
1130 2946 1173 3006 de

143 3042 311 3120 :posteris
329 3043 378 3101 ad'
391 3063 468 3122 quos
495 3037 600 3101 veniet
615 3043 793 3120 ineorrupta
816 3061 917 3118 rerum
940 3043 1026 3118 fides,
1049 3041 1172 3102 auctori

170 3160 226 3198 suo
245 3133 356 3218 magno
381 3139 549 3217 imputata;
576 3139 692 3217 optime
714 3139 757 3222 de
766 3139 844 3218 ipsc,
872 3140 961 3219 cujus
986 3132 1070 3218 viget
1084 3139 1173 3217 vige-

170 3235 276 3316 bitqpe
306 3236 463 3308 memoria,
508 3234 654 3315 qu'amdiu
696 3235 834 3294 luerit
827 3256 858 3293 m
895 3236 994 3315 pretio
1029 3237 1170 3328 Romane

168 3333 324 3410 cognosci,
339 3331 484 3413 quamdiu
498 3333 661 3438 quisquam
674 3333 731 3390 erit
742 3332 795 3439 qui
815 3333 927 3391 reverti
943 3333 1019 3391 velit
1040 3305 1170 3395 adtacta

169 3427 330 3508 majorum
357 3422 504 3509 quamdiu
524 3429 685 3536 quisquam
706 3430 757 3507 qui
780 3428 855 3486 velit
874 3429 950 3489 scire
968 3429 1042 3510 quid
1062 3429 1101 3488 sit
1117 3429 1173 3490 vir

168 3535 329 3584 romanus·
324 3520 438 3606 ‚quid,
456 3526 590 3584 subactis
615 3525 679 3608 jam
706 3524 875 3600 cervicibus
905 3527 1042 3584 omniurn
1066 3529 1171 3588 etad

168 3574 365 3701 Sejaniamim
385 3616 494 3701 jugum
522 3619 649 3694 adactis
682 3621 864 3696 indomitus;
895 3622 970 3702 quid
999 3623 1039 3682 sit
1072 3595 1172 3700 homo

168 3719 303 3797 ingenio,
316 3719 430 3790 animo,
447 3739 540 3777 manu
556 3719 642 3777 liber.
