2678 4250
279 135 287 142 ’
331 148 413 206 eze.
434 149 488 228 na
505 145 597 233 arria
616 148 859 229 a’urpinum„
901 193 904 198 Α
939 179 942 184 -

193 309 197 316 ·
311 269 378 351 ·(De
397 269 557 364 Arpinate.
573 268 733 338 Ciceronis
755 269 853 354 uilla.)

13 511 15 522 ‚
124 454 284 534 Equidem,
305 454 350 515 ait
373 455 508 530 Atticus,
529 455 581 537 qui
607 476 688 514 nunc
707 456 841 545 primum
857 456 918 516 huc
933 457 1084 531 venerim,
1108 487 1148 550 3.

84 552 186 611 satiari
201 572 264 610 non
280 552 360 632 que'o
376 570 384 614 ε
405 552 644 633 magnificasque
664 553 752 613 villas
770 561 801 614 et
815 554 993 633 pavi-menta
1009 575 1086 626 mare

84 669 197 721 morea,
214 656 245 708 ct
258 649 399 729 laqueata
411 657 493 710 tecta
505 657 681 710 contemno.
700 651 819 710 Ductus
836 670 910 710 vero
926 640 1087 731 aquarum,

82 767 160 826 quos
179 746 293 806 divites
313 746 400 806 Nilos
420 754 452 806 et
473 747 604 827 Euripos
620 755 744 822 vocant,
761 748 920 829 quianon,
939 738 1009 808 'cum
1022 748 1090 808 haec

84 843 198 918 videat,
225 842 376 904 irriserit?
401 844 537 903 Mirabar
564 852 656 914 ,antea
679 849 716 903 te
744 841 807 904 tam
833 843 923 904 valde
943 836 1090 903 hocloco

82 939 245 1016 delectari;
280 961 362 1000 nunc
394 947 512 1011 contra,
552 942 647 1001 miror
681 949 722 1013 te,
756 962 826 1000 cum
863 941 962 1000 Roma
994 940 1087 1014 absis,

83 1037 335 1118 usquampotius
350 1058 427 1097 esse.
450 1073 490 1082 -
510 1038 576 1116 Ego
597 1059 682 1110 vero,
700 1027 800 1118 inquit
812 1039 942 1111 'Marcus
959 1038 1088 1110 Tullius,

82 1156 153 1194 cum
170 1135 242 1193 licet
258 1135 362 1214 plures
379 1135 444 1208 dies
459 1134 576 1211 abesse,
594 1144 632 1204 et
644 1128 855 1196 amoenitatem
871 1121 995 1212 hanc'et
1011 1134 1090 1194 salu·

81 1232 227 1291 britatem
245 1228 367 1312 sequor.
383 1232 466 1291 Raro
491 1239 594 1291 autem
608 1223 697 1292 iicet.
724 1229 784 1290 Sed
808 1226 952 1302 nimirum
969 1221 1090 1291 mealia

13 1347 14 1368 ³
80 1348 206 1410 quoque
224 1349 315 1388 causa
335 1329 477 1403 delectat,
503 1350 572 1410 quae
591 1335 622 1388 te
642 1350 704 1388 non
723 1317 850 1408 attingit
872 1329 925 1390 ita.
954 1321 1031 1388 Hac*
1044 1321 1092 1388 est

13 1487 14 1514 p
80 1426 164 1485 enim
180 1445 247 1484 mea
266 1432 298 1486 et
313 1426 405 1506 hujus
427 1426 530 1486 fratris
553 1427 612 1484 mci
625 1446 773 1503 germana
791 1427 889 1506 patria
909 1445 916 1488 ε
942 1425 1014 1486 hinc
1030 1425 1091 1484 orti

13 1527 15 1598 ξ
80 1524 179 1603 stirpe
207 1522 421 1604 antiquissima
451 1543 557 1582 sumus
585 1541 592 1583 :
622 1523 671 1582 hic
699 1543 796 1596 sacra,
826 1523 877 1583 hic
907 1544 1014 1602 genus
1041 1522 1092 1582 hic

80 1620 235 1700 majorum
249 1619 503 1706 multavestigia.
531 1619 610 1687 Quid
637 1619 747 1700 plura?
767 1619 849 1702 hanc
870 1620 957 1679 vides
974 1620 1090 1691 villam,

13 1729 14 1754 ³
82 1724 116 1776 ut
130 1737 214 1776 nunc
226 1697 350 1796 quitiem
365 1722 422 1790 est,
436 1717 529 1776 latius
545 1716 727 1775 aediticatam
739 1716 835 1796 patris
852 1717 950 1775 nostri
965 1716 1089 1778 studio:

13 1843 15 1890 3
81 1813 146 1894 qui,
163 1833 235 1872 cum
249 1820 330 1872 esset
344 1808 464 1872 infirma
486 1807 674 1885 valetudine,
695 1811 745 1872 hic
762 1813 825 1872 fere
843 1803 966 1874 aetatem
981 1802 1091 1890 e'git'in
1112 1813 1124 1840 „a
1143 1807 1146 1818 '

13 1935 14 1984 3
81 1910 206 1970 litteris.
239 1909 344 1977 Quare
357 1909 448 1969 inest
475 1910 579 1969 nescio
608 1909 683 1990 quid
711 1916 742 1968 et
771 1909 847 1969 latet
869 1900 1032 1968 inanimo·
1057 1929 1092 1968 ac

13 2057 15 2088 7
82 2013 390 2087 sensu}.meo,„qu0
420 2026 469 2065 me
495 2006 565 2087 plus
588 2006 639 2066 hic
662 2006 749 2066 locus
771 2005 902 2066 tortasse
922 2005 1053 2065 delectet
1081 2025 1088 2068 τ

13 2095 15 2140 ²
82 2102 238 2184 siquidem
251 2103 342 2162 etiam
357 2103 407 2162 ille
420 2099 667 2183 sapientissimus
682 2103 741 2179 vir,
759 2103 897 2163 Ithacam
910 2109 945 2163 ut
953 2102 1089 2176 uideret,

13 2223 15 2234 >
82 2199 316 2260 immortalitem
330 2197 476 2260 'scribitur
490 2199 682 2280 repudiasse.
1048 2191 1051 2197 ¹

377 2455 461 2515 ees.
480 2458 536 2513 sn
554 2454 803 2527 attestatum.

253 2635 256 2642 ⁴
356 2609 358 2616 ι
435 2567 548 2652 (Dulce
568 2568 740 2653 rusticari.)

122 2754 206 2817 Villa
224 2776 292 2834 mea
305 2755 412 2835 decem
435 2761 468 2816 et
485 2762 604 2837 septem
628 2755 753 2817 milibus
775 2777 923 2837 passuum
945 2759 986 2820 ab'
1009 2758 1092 2825 Urbe
1108 2759 1148 2822 2⁶

81 2853 221 2927 secessit,
251 2859 295 2925 ut,
320 2851 454 2932 peractis
476 2873 545 2933 quae
570 2853 689 2932 agenda
708 2853 834 2929 fuerint,
866 2855 952 2915 salvo
973 2854 1036 2935 jam·
1061 2862 1092 2914 et

82 2949 257 3030 composito
278 2949 339 3034 „dies
364 2949 466 3030 possis
487 2949 530 3008 ibi
551 2970 686 3012 manere.
711 2951 825 3010 Aditur
851 2971 913 3010 non
936 2973 997 3012 una
1014 2952 1090 3020 via:

82 3067 154 3106 nam
169 3054 202 3106 et
213 3035 401 3120 Laurentina
416 3052 449 3107 et
474 3045 625 3107 Ostiensis
642 3047 750 3108 eodem
774 3047 891 3108 ferunt.
915 3049 1008 3108 Varia
1023 3048 1094 3115 hinc

79 3153 176 3225 atque
204 3141 275 3203 inde
299 3143 419 3206 facies:
441 3129 518 3218 ‘nam
542 3143 635 3203 modo
663 3145 901 3205 occurrentibus
929 3145 1016 3204 silvis
1044 3146 1093 3206 via

80 3240 360 3320 coartatunmodo
375 3239 533 3300 latissimis
547 3239 643 3321 pratis
658 3242 803 3321 patescit,
819 3241 872 3302 ubi
886 3241 975 3303 multi
986 3264 1094 3321 greges

80 3338 190 3396 ovium
216 3323 319 3413 herbis
349 3342 381 3412 et
405 3344 514 3417 tepore
544 3357 640 3397 verno
665 3338 836 3399 nitescunt.
867 3338 955 3398 Litus
982 3348 1096 3406 ornant

81 3433 234 3494 varietate
251 3432 430 3512 gratissima
446 3453 528 3494 nunc
545 3434 703 3508 continua,
721 3437 805 3494 nunc
820 3433 995 3496 intermissa
1011 3443 1094 3498 tecta

80 3531 326 3608 villarum‚7quee
348 3537 500 3610 praestant
523 3530 690 3592 multarum
720 3530 808 3612 quasi
826 3531 948 3596 urbium
968 3533 1090 3605 faciem,

79 3629 149 3687 sive
171 3626 249 3686 mari
271 3626 335 3686 sive
356 3627 434 3708 ipso?
449 3625 538 3687 litore
554 3634 651 3689 utare.
677 3627 759 3687 Villa
781 3627 888 3688 usibus
902 3650 1009 3710 capax,
1029 3652 1092 3690 non

78 3713 270 3803 sumptuosa
284 3721 382 3801 tutela¹
398 3743 405 3785 ε
422 3724 511 3806 cujus
526 3725 558 3784 in
573 3725 672 3805 prima
695 3732 782 3806 parte
798 3725 1016 3805 atriumtrugi,
1035 3743 1109 3811 nee.

513 3903 671 3956 .-159-
