2682 4258
286 207 436 256 'terreas
459 227 498 241 -
518 215 660 256 semaces.
683 227 722 240 -
742 214 879 254 savanrs.
902 227 942 236 —
964 187 1150 252 anitosornss

226 451 313 508 407.
334 441 439 508 'saint
467 451 649 522 Augusttn
668 453 835 508 s’accuse
856 449 1000 507 d'avotr
1017 445 1166 518 pre'fe're
1186 446 1230 504 la

286 537 500 606 utte'rature
518 539 634 596 latine
654 538 679 596 ὑ.
696 538 736 596 la
753 537 968 596 litterature
990 548 1160 607 greeque.

227 685 374 766 (Sanctus
405 665 603 769 Anqustinue
628 707 660 747 ee
695 685 815 746 incusat
848 685 934 768 quod
960 681 1229 775 qraecislitteras

556 788 670 850 latinas
684 788 893 874 praetulerit.)
907 803 912 814 ·
991 809 1015 867 j

161 963 213 1021 uh·
266 965 346 1033 Quid
368 973 434 1025 erat
456 986 556 1025 causae
579 986 635 1026 cur
657 987 771 1044 graecas
797 965 915 1024 litteras
941 964 1084 1037 adissem,
1109 963 1229 1043 quibus

227 1063 373 1141 puerulus
387 1063 556 1132 imbuebar,
571 1083 609 1122 ne
626 1083 708 1121 nunc
724 1062 848 1142 quidem
861 1061 935 1120 mihi
949 1060 1228 1141 satisexploratum

148 1215 150 1224 ,
225 1166 282 1220 est.
298 1159 522 1219 Adamaveram
537 1160 617 1218 enim
632 1160 753 1229 latinas,
773 1177 835 1216 non
857 1179 933 1238 quas
957 1157 1048 1237 primi
1070 1157 1225 1236 magistri,

225 1255 280 1314 sed
301 1277 377 1336 quas
390 1256 502 1315 docent
518 1256 571 1335 qui
589 1255 780 1333 grammatici
797 1262 956 1314 vocantur.
983 1255 1060 1314 Nam
1075 1254 1143 1313 illas
1160 1255 1228 1332 pri-

225 1373 291 1411 mas
305 1352 357 1410 ubi
372 1353 472 1430 legere
488 1360 518 1412 et
533 1353 664 1412 scribere
675 1360 706 1410 et
718 1373 877 1411 numerare
890 1349 1028 1423 discitur,
1046 1370 1107 1410 non
1120 1351 1227 1430 minus

224 1469 370 1508 onerosas
408 1449 606 1529 poenalesque
643 1450 792 1508 habebam
827 1469 919 1528 quam
949 1469 1055 1508 omnes
1094 1467 1224 1525 graecas

227 1545 316 1604 Unde
330 1553 433 1604 tamen
451 1551 481 1604 et
495 1546 554 1605 hoc
576 1546 634 1604 nisi
649 1543 686 1604 de
711 1553 836 1625 peccato
852 1554 883 1604 et
896 1546 1032 1605 vanitate
1048 1545 1130 1616 vitae,
1149 1545 1224 1624 quia

224 1633 296 1702 caro
311 1663 404 1716 eram,
422 1650 452 1701 et
470 1643 595 1722 spiritus
623 1642 783 1701 ambulans
811 1650 842 1701 et
865 1663 926 1701 non
947 1643 1129 1701 revertens?
1145 1641 1225 1702 Nam

225 1739 332 1820 utique
356 1739 497 1798 meliores
525 1740 595 1817 quia
613 1739 757 1797 certiores
782 1747 869 1798 erant
891 1739 996 1818 primae
1022 1738 1082 1797 illae
1098 1737 1224 1807 litterae,

141 1837 145 1844 ’
225 1836 336 1916 quibus
352 1835 444 1894 fiebat
461 1836 566 1908 inme,
590 1842 621 1894 et
641 1836 755 1894 factum
783 1843 839 1907 est,
863 1844 894 1894 et
922 1834 1019 1894 habeo
1037 1833 1112 1892 illud
1138 1841 1171 1893 ut
1194 1842 1227 1893 et

224 1933 324 2015 legam
343 1932 368 1991 si
386 1932 460 2013 quid
477 1932 626 2012 scriptum
646 1933 782 2005 invenio,
804 1940 835 1990 et
854 1931 983 1991 scribam
1009 1931 1072 2011 ipse
1099 1931 1123 1988 si
1147 1931 1226 2010 quid

225 2029 308 2103 volo,
327 2050 418 2109 quam
434 2025 494 2087 illae
510 2029 622 2108 quibus
638 2035 742 2087 tenere
757 2028 1003 2106 cogebarAEneae
1018 2027 1121 2086 nescio
1134 2028 1228 2107 cujus

224 2147 353 2199 errores
378 2125 491 2186 oblitus
517 2147 654 2184 errorum
682 2146 829 2196 meorum,
866 2133 897 2183 et
924 2124 1044 2204 plorare
1070 2125 1226 2184 Didonem

224 2230 388 2295 mortuam,
412 2222 484 2302 quia
501 2243 532 2281 se
552 2222 665 2281 occidit
680 2221 718 2280 ob
734 2242 879 2293 amorem,
903 2242 972 2280 cum
993 2222 1109 2280 interea
1129 2222 1228 2301 meip-

224 2340 292 2379 sum
307 2319 338 2376 in
352 2319 398 2376 his
418 2340 435 2378 a
459 2325 489 2377 te
505 2319 697 2389 morientem,
722 2318 816 2390 Deus
837 2318 900 2377 vita
916 2339 994 2392 mea,
1018 2318 1107 2377 siccis
1126 2319 1228 2378 oculis

224 2416 334 2474 ferrem
350 2415 595 2476 miserrimus‘l...
607 2414 730 2473 Flebam
744 2409 896 2474 Didonem

348 2534 361 2560 u
374 2552 429 2566 .....
445 2513 626 2584 exstinctam,
640 2513 771 2582 ferroque
788 2518 915 2565 extrema
930 2518 1098 2580 secutam»,

224 2607 255 2659 et
270 2599 294 2658 si
310 2599 490 2678 prohiberer
516 2621 550 2658 ea
579 2600 689 2676 legere,
721 2600 868 2672 dolerem,
900 2601 971 2680 quia
1000 2621 1061 2658 non
1090 2599 1228 2679 legerem

225 2696 307 2778 quod
323 2696 466 2756 dolerem.
485 2695 651 2754 Peeeabam
681 2716 753 2774 ergo
781 2716 858 2775 puer
871 2717 942 2756 cum
962 2696 1014 2755 illa
1036 2697 1139 2756 inania
1155 2698 1228 2756 istis

224 2778 398 2852 utilioribus
415 2793 764 2872 amorepraeponebam3
792 2793 838 2851 vel
868 2793 971 2873 potius
999 2792 1056 2852 ista
1084 2794 1225 2868 oderam,

224 2890 275 2948 illa
291 2890 441 2948 amabam.
457 2889 525 2948 Jam
541 2909 614 2948 vero
631 2910 726 2948 unum
755 2897 786 2948 et
800 2911 895 2950 unum
911 2891 983 2961 duo,
1014 2890 1074 2949 duo
1101 2898 1132 2949 et
1159 2891 1228 2950 duo

224 2995 367 3067 quatuor,
375 2986 481 3044 odiosa
490 2987 592 3044 cantio
607 2986 682 3044 mihi
698 2994 777 3059 erat;
794 2994 825 3045 et
838 2987 1047 3046 dulcissimum
1063 2994 1228 3066 spectacu-

223 3083 287 3142 lum
315 3081 460 3142 vanitatis
488 3103 585 3162 equus
614 3082 733 3159 ligneus
761 3083 869 3162 plenus
897 3084 1032 3154 armatis,
1064 3091 1094 3142 et
1122 3083 1227 3162 Trojae

224 3179 411 3251 incendium,
429 3187 519 3259 atque
534 3179 631 3258 ipsius
647 3180 759 3240 umbra,
770 3179 903 3240 Creusae.
926 3180 989 3239 Cur
1004 3200 1076 3257 ergo
1092 3201 1226 3258 graecam

223 3277 314 3335 etiam
330 3275 557 3356 grammaticam
573 3275 696 3334 oderam
708 3275 779 3334 talia
794 3276 1151 3337 cantantem?Videlicet
1164 3277 1227 3336 dis-

224 3373 354 3445 ficultas‚
378 3373 541 3431 difficultas
561 3372 687 3430 omnino
715 3371 885 3444 ediscendae
914 3373 1081 3453 peregrinae
1109 3373 1226 3452 linguae

224 3469 311 3550 quasi
328 3468 397 3528 lelle
413 3468 615 3549 adspergebat
630 3459 736 3526 omnes
752 3469 919 3528 suavitates
938 3491 1052 3548 graecas
1068 3470 1226 3531 fabulosa-

223 3586 291 3624 rum
306 3566 529 3626 narrationum.
547 3565 638 3624 Nulla
652 3565 732 3623 enim
749 3566 841 3624 verba
864 3565 914 3625 illa
934 3588 1091 3640 noveram,
1109 3575 1140 3626 et
1170 3589 1227 3639 sae-

222 3659 271 3720 *vis
286 3661 454 3729 terroribus
470 3681 505 3721 ac
532 3662 633 3742 poenis
653 3669 688 3720 ut
709 3682 829 3720 nossem
845 3663 1017 3722 instabatur
1036 3662 1112 3722 mihi
1132 3665 1227 3726 vehe-

223 3766 351 3818 menter.

644 3935 800 3987 —2942
887 3961 888 3964 ¹
