2656 4258
568 215 628 252 -tEs
650 215 759 252 surinus

350 327 448 386 'lestis
470 326 528 384 erit
548 326 666 404 magnis
687 325 854 385 virtutibus
876 320 959 386 unda
980 325 1168 398 Scamandri,
1230 337 1233 344 ’

232 422 316 491 Quae
338 424 450 503 passim
474 423 582 503 rapido
598 423 782 482 dillunditur
801 423 1006 502 ‚Hellesponto
1031 441 1037 482 :
1100 459 1106 502 g

232 520 351 600 Quojus
372 521 431 579 iter
451 521 546 579 caesis
569 527 734 598 angustans
756 500 919 599 coiporum
942 520 1069 594 acervis,
1137 544 1144 599 ᾗ

232 617 302 676 Alta
323 618 487 697 tepefaciet
508 617 658 696 permixta
680 617 808 676 llumina
829 616 932 677 caede.

233 714 355 772 Currite
377 714 523 772 ducentes
546 713 728 786 subtemina·
752 714 865 774 currite
887 714 956 773 susi.

341 811 481 891 Denique
496 811 583 869 testis
599 811 657 869 erit
673 810 766 869 morti
776 830 899 892 quoque
912 809 1032 869 reddita
1045 779 1169 889 praeda,

233 906 311 964 Cum
335 915 413 965 teres
436 907 555 966 excelso
578 915 793 967 coacervatum
815 928 926 986 aggere
948 907 1073 966 bustum

97 992 100 997 ’
159 1084 162 1090 ¹
233 1003 373 1082 Excipiet
396 1005 501 1062 niveos
523 1023 681 1082 percussae
702 1005 830 1088 virginis
851 1011 947 1092 artus.

234 1099 356 1158 Currite
378 1100 524 1159 ducentes
547 1101 728 1173 subtemina,
753 1101 866 1160 currite
887 1101 959 1160 fusi.

299 1303 380 1360 146.
401 1303 571 1373 mariage
591 1304 635 1359 de
656 1295 887 1362 catenatae
908 1302 1064 1361 Marcia.
1148 1270 1150 1273 .

396 1406 454 1486 (De
468 1406 594 1468 Catonis
609 1414 638 1467 et
649 1407 786 1468 Marciae
800 1407 942 1489 nuptiis.)

611 1644 612 1648 ἵ
646 1567 796 1646 Tempora
819 1587 1004 1647 quamquam

232 1662 299 1720 Sint
320 1661 419 1720 aliena
441 1663 529 1736 toris}
547 1664 610 1742 jam
633 1664 696 1723 fato
718 1665 754 1741 in
771 1663 849 1722 bella
870 1673 1011 1736 vocante,
1084 1719 1087 1730 ,

199 1775 200 1778 ’
233 1759 362 1818 Foedera
384 1759 453 1826 sola
469 1768 573 1820 tamen
594 1782 735 1841 vanaque
758 1757 903 1820 carentia
915 1780 1028 1840 pompa

230 1854 305 1914 Jura
327 1854 461 1937 placent,
485 1859 639 1938 sacrisque
662 1859 742 1916 Deos
764 1857 926 1916 admittere
947 1863 1051 1916 testes¹
1093 1851 1097 1859 ’

233 1953 322 2012 Festa
345 1961 492 2013 coronato
514 1975 575 2013 non
598 1955 734 2034 pendent
755 1941 868 2012 limine
882 1960 972 2025 serta,

232 2051 392 2130 Infulaque
415 2051 446 2109 in
469 2053 606 2130 geminos
628 2051 774 2110 discurrit
795 2050 923 2108 candida
946 2057 1061 2129 postes,

233 2148 451 2226 Legitimaeque
474 2147 566 2222 faces,
590 2148 798 2226 gradibusque
818 2146 946 2205 aoelinis
968 2145 1094 2204 eburnis

232 2245 299 2303 Stat
320 2240 417 2315 torus
442 2252 473 2302 et
494 2245 578 2323 picto
600 2251 701 2302 vestes
723 2243 916 2302 discriminat
936 2263 1023 2316 aur0,

230 2339 414 2418 Turritaque
436 2360 578 2418 premens
599 2340 732 2398 frontem
755 2347 894 2398 matrona
917 2355 1031 2398 corona

231 2436 390 2494 Translata
412 2437 490 2495 vitat
511 2437 689 2516 contingere
711 2438 815 2496 limina
838 2437 952 2516 planta.

126 2571 130 2577 -
232 2533 301 2590 Non
322 2532 466 2591 timidum
488 2542 593 2613 nuptae
615 2534 725 2592 leviter
745 2540 865 2592 tectura
887 2532 1035 2612 pudorem

233 2630 329 2687 Lutea
352 2629 499 2688 demissos
520 2630 662 2689 velarunt
684 2630 826 2688 flammea
848 2628 966 2697 vultus,

233 2724 356 2783 Balteus
377 2734 431 2786 aut
452 2727 551 2786 fluxos
574 2727 700 2806 gemmis
723 2725 887 2785 adstrinxit
909 2725 1050 2796 amictus

232 2820 319 2880 Colla
340 2823 453 2881 monile
475 2824 596 2895 decens,
621 2823 795 2903 umerisque
817 2823 963 2882 haerentia
986 2820 1094 2901 primis

231 2919 370 2998 Suppara
393 2920 524 2978 nudatos
546 2921 676 2998 cingunt
698 2917 827 2998 angusta
850 2920 992 2977 lacertos,

232 3015 318 3074 Sicut
340 3025 416 3089 erat,
441 3017 539 3074 maesti
562 3037 687 3075 servans
709 3016 852 3093 lugubria
875 3016 987 3088 cultuS,

232 3112 361 3193 Quoque
383 3113 474 3172 modo
497 3120 596 3187 natos,
620 3113 679 3170 hoc
701 3121 747 3172 est
768 3113 907 3192 amplexa
930 3112 1086 3171 maritum.

232 3209 338 3267 Obsita
359 3210 486 3268 funerea
507 3210 625 3268 celatur
645 3231 781 3290 purpura
803 3209 883 3268 lana.
911 3226 913 3231 ·

233 3305 302 3362 Non
324 3305 406 3364 soliti
427 3306 528 3365 lusere
550 3306 644 3379 sales;
669 3328 736 3381 nec,
761 3327 844 3364 more
867 3305 990 3378 Sabino,

233 3401 361 3481 Excepit
381 3403 479 3461 tristis
501 3403 640 3461 convicia
663 3403 741 3461 festa
762 3401 901 3462 maritus,

172 3531 173 3536 κ
233 3498 365 3576 Pignora
387 3500 469 3558 nulla
492 3499 612 3570 domuS,
637 3499 713 3558 nulli
735 3499 835 3566 coiere
858 3496 1050 3578 propinqui:

230 3595 412 3672 ,Iunguntur
431 3597 529 3668 taciti,
553 3597 752 3677 contentique
774 3595 898 3675 auspice
920 3594 1027 3653 Bruto,

233 3691 287 3750 llle
309 3713 365 3750 nec
387 3693 561 3750 horrificam
584 3702 690 3752 sancto
712 3693 844 3752 dimovit
864 3693 902 3750 ab
925 3711 976 3750 ore

231 3787 405 3848 Caesariem
428 3789 567 3868 duroque
581 3789 704 3849 admisit
725 3790 835 3867 gaudia
858 3788 958 3847 vultu.

594 3949 750 4000 —102-2-
