2670 4252
370 144 405 178 ua
426 138 555 178 rantum.
576 153 616 165 —
637 141 685 178 aas
707 141 843 180 auraurs.
867 155 905 166 -
926 141 975 180 uas
996 141 1122 178 rnuuurs
1230 129 1231 140 ¹

284 249 386 328 Turpe
409 270 507 328 paras,
532 256 626 309 netu
648 252 732 329 pueri
756 231 979 331 contempseris
1001 270 1112 326 anu0s;

284 341 344 402 Sed
368 354 532 424 peccaturo
555 347 686 406 obsistat
708 348 763 406 tibi
786 348 866 406 silius
888 349 1000 407 infans.

179 466 181 472 ’
285 441 373 515 Nam,
397 442 421 500 si
444 442 518 522 quid
540 443 667 520 dignum
690 445 824 503 censoris
845 445 953 503 lecerit
974 445 1017 503 ira

284 537 486 620 Quandoque,
510 546 541 598 et
562 541 693 600 similem
718 541 775 600 tibi
796 563 828 600 se
850 563 912 600 non
933 562 1062 621 corpore
1083 547 1205 599 tantum

284 635 348 694 Nec
370 635 458 695 vultu
482 636 610 709 dederit,
634 658 755 698 morum
779 659 902 719 quoque
923 638 1018 713 filius,
1041 646 1072 697 et
1093 637 1146 718 qui

284 731 394 791 Omnia
416 733 552 792 deterius
573 741 626 794 tua
649 756 705 815 per
725 736 855 812 vestigia
877 739 994 814 peccet,

287 828 441 909 Corripies
463 831 619 904 nimirum,
643 841 675 891 et
694 832 859 909 castigabis
879 832 989 890 acerbo
1054 871 1057 878 ·

285 926 438 1000 Clamore,
463 949 498 986 ac
520 937 591 1008 post
613 929 678 988 haec
701 929 820 989 tabulas
841 937 960 988 mutare
982 928 1115 1008 parabis·

285 1023 374 1082 Unde
397 1025 451 1082 tibi
475 1025 609 1084 frontem
632 1027 869 1107 libertatemque
890 1025 1037 1107 parentis,

284 1121 361 1180 Cum
384 1122 478 1180 lacias
500 1123 606 1202 pejora
629 1125 746 1183 senex?

327 1300 385 1356 17.
405 1298 587 1357 Influenoe
607 1301 652 1356 dc
671 1297 893 1357 redueation
913 1313 979 1356 sur·
997 1298 1163 1358 l'ent'ant.
1321 1311 1322 1382 i

451 1403 615 1482 (Parentes
635 1403 725 1485 fabri
747 1403 917 1464 liberorum
939 1405 1037 1484 sunt.)

284 1527 442 1585 Novarum
465 1527 576 1586 aedium
600 1547 665 1586 osse
687 1528 819 1587 arbitror
840 1528 973 1586 similem
996 1548 1053 1606 ego
1074 1526 1235 1586 hominem
1321 1553 1322 1560 ¹

284 1623 415 1690 Quando
438 1624 489 1683 hic
511 1631 600 1682 natus
622 1631 670 1683 est
694 1643 700 1685 ε
725 1625 752 1683 ei
773 1625 818 1683 rei
840 1631 1021 1702 argumenta
1043 1623 1156 1682 dicam.

283 1720 377 1779 AEdes
400 1741 493 1800 quom
518 1721 674 1800 extemplo
696 1729 769 1780 sunt
790 1729 916 1801 parata,
940 1720 1097 1800 expolitae,

527 1818 628 1876 Faclae
651 1818 745 1898 probe
768 1817 962 1889 examussim,
1004 1799 1009 1808 ⁹

284 1914 426 1974 Laudant
447 1915 567 1973 labrum
589 1924 681 1994 atque
703 1915 784 1972 aedes
806 1915 961 1993 probant:

282 2014 383 2090 Atque
407 2011 457 2070 ubi
479 2012 532 2070 illo
554 2012 709 2089 immigrat
730 2031 861 2090 nequam
888 2009 981 2069 homo
1007 2009 1237 2089 indiligensque
1292 1993 1296 2002 .

284 2107 343 2166 Hic
361 2108 425 2188 jam
448 2107 576 2167 aedibus
602 2109 713 2167 vitium
740 2107 873 2180 additur,
898 2108 995 2166 bonae
1021 2126 1116 2186 quom
1137 2126 1235 2164 curan
1322 2140 1323 2200 l

1077 2202 1140 2282 [tur
1155 2201 1236 2261 male
1322 2203 1323 2288 l

282 2285 386 2361 Atque
409 2283 491 2341 illud
513 2305 594 2363 saepe
616 2285 651 2342 fit
674 2303 681 2344 :
705 2291 870 2363 tempestas
892 2283 988 2358 venit,

284 2379 462 2458 Confringit
483 2380 602 2458 tegulas
624 2381 828 2460 imbricesque
849 2399 855 2440 :
879 2379 922 2438 ibi

437 2477 575 2558 Nequior
596 2478 696 2536 laetus
715 2479 810 2558 jamst
832 2498 906 2536 usus
928 2475 1061 2536 aedium.

285 2575 362 2632 Haeo
389 2582 570 2650 argumenta
597 2595 653 2652 ego
680 2575 817 2633 aediliciis
839 2573 902 2632 dixi
923 2593 931 2634 ι
955 2592 1036 2631 nunc
1059 2572 1150 2630 etiam
1177 2570 1253 2630 volo

283 2669 404 2741 Dicere,
428 2680 462 2729 ut
484 2671 625 2730 homines
652 2671 766 2730 aedium
789 2692 854 2729 esse
876 2670 1004 2729 simileis
1025 2667 1230 2727 arbitremini.

367 2765 594 2839 Primumdum,
618 2775 761 2847 parentes
783 2768 862 2826 fabri
885 2767 1016 2826 liberum
1039 2773 1137 2824 sunt:

367 2865 543 2939 Extollunt,
568 2873 678 2944 parant
699 2865 806 2923 sedulo
827 2865 859 2922 in
881 2864 1068 2934 firmitatem,

368 2964 406 3021 Et
428 2970 462 3021 ut
484 2963 517 3020 in
541 2984 630 3021 usum
652 2962 724 3020 boni
747 2971 777 3020 et
797 2963 829 3019 in
851 2962 983 3041 speeiem

285 3060 403 3139 Populo
425 3061 486 3117 siut
509 3058 629 3140 sibique
651 3058 733 3117 haud
755 3059 891 3116 materiae
913 3063 1090 3136 reparcunt,

287 3157 469 3236 Expoliunt,
495 3155 606 3214 docent
627 3156 756 3228 litteras,
776 3156 857 3233 jura,
880 3155 977 3231 leges3

434 3255 571 3332 Sumptu
593 3274 649 3312 suo
671 3260 702 3310 et
723 3253 827 3311 labore
850 3253 1001 3324 nituntur,
1027 3258 1062 3310 ut
1166 3325 1170 3332 Ι

285 3350 347 3408 Alii
371 3350 428 3407 sibi
452 3371 517 3407 esse
540 3349 662 3407 illorum
685 3349 812 3407 simileis
834 3357 991 3428 expetant.

288 3446 365 3504 Nam
389 3467 445 3524 ego
468 3446 505 3504 ad
529 3446 604 3505 illud
627 3446 707 3523 lrugi
729 3467 826 3527 usque
848 3455 879 3505 et
899 3446 1015 3526 probus
1037 3445 1094 3519 fui,

290 3544 324 3601 ln
347 3542 503 3601 labrorum
526 3551 678 3623 potestate
701 3543 773 3601 dum
796 3544 852 3604 fui.
1052 3552 1054 3556 '

290 3638 411 3711 Postea,
435 3659 528 3718 quom
551 3639 726 3715 immigravi
749 3638 906 3717 ingenium
929 3639 960 3696 in
982 3658 1096 3710 meum,

287 3736 410 3794 Perdidi
434 3757 557 3817 operam
580 3735 737 3796 labrorum
759 3737 831 3795 ilico
853 3736 979 3816 oppido,

678 3871 816 3922 ..12-
