2670 4252
1305 10 1308 128 l

515 181 715 220 rusraucrrora
739 195 778 206 -
799 163 961 221 dnucnrrou

233 365 312 424 aqua
330 364 336 406 :
351 344 493 405 turbidus
503 345 606 426 liquor
617 346 744 424 glutinis
758 346 876 428 praebet
890 346 999 405 vicem.
1015 344 1117 405 Primo
1128 350 1237 426 supina

233 441 338 502 tabula
366 442 478 501 scheda
504 442 642 502 allinitur
668 443 863 522 longitudine
891 443 1011 524 papyri,
1039 463 1107 526 quae
1135 443 1239 523 potuit
1307 435 1308 438 ¹

233 559 310 611 esse,
327 538 548 618 resegminibus
564 540 718 619 utrimque
737 539 923 620 amputatis:
938 547 1112 599 transversa
1131 546 1240 619 postea
1307 569 1308 576 κ

233 643 339 719 crates¹
354 637 482 716 peragit.
505 636 660 696 Premitur
678 636 790 696 deinde
811 637 924 716 praelis,
951 644 982 696 et
1003 636 1158 696 siccantur
1175 636 1241 696 sole
1307 621 1308 666 ³

234 732 376 811 plagulae,
400 741 492 813 atque
513 733 595 792 inter
613 755 645 792 se
668 733 854 814 junguntur,
880 733 1090 814 proximarum
1118 754 1241 813 semper

233 829 382 888 bonitatis
408 829 620 890 deminutione
648 830 686 890 ad
718 831 910 890 deterrimas.
932 829 1107 909 Numquam
1136 829 1242 909 plures

234 931 337 1006 scapo,
354 947 445 1006 quam
460 927 588 987 vicenae.

234 1225 293 1284 28.
313 1221 390 1284 Une
413 1224 512 1284 eccle
530 1226 705 1296 primane
725 1193 777 1284 au
798 1229 860 1285 1v·
880 1226 992 1284 siecle
1018 1226 1130 1296 apres
1151 1224 1241 1282 «bc.

237 1346 363 1429 (Quales
376 1346 497 1428 suerint
511 1356 624 1429 quarto
634 1322 708 1430 post
721 1347 883 1411 Christum
899 1348 1023 1408 saeculo
1047 1345 1172 1408 scholae
1188 1345 1248 1406 ubi

386 1443 490 1526 prima
504 1444 680 1506 litterarum
695 1446 847 1506 clementa
861 1445 1083 1524 docebantur.)

170 1641 210 1704 2⁰
276 1620 367 1680 Disce
388 1620 498 1696 libens,
522 1622 626 1680 tetrici
648 1643 705 1681 nec
726 1622 923 1702 praeceptoris
945 1621 1081 1681 habenas

276 1719 447 1791 Detestere,
471 1737 588 1798 nepos:
616 1740 783 1798 numquam
813 1719 940 1778 horrida
966 1718 1064 1777 forma
1089 1718 1244 1795 magistri.

277 1814 331 1874 llle
352 1815 425 1874 licet
445 1813 540 1874 tristis
562 1816 647 1874 senio
670 1836 726 1874 nec
749 1836 824 1874 voce
846 1836 972 1875 serenus

276 1913 393 1991 Aspera
415 1919 581 1971 contractae
603 1912 763 1971 minitetur
779 1912 883 1992 jurgia
904 1911 1026 1985 frontis

277 2009 453 2088 Numquam
476 2009 618 2067 immanis
640 2009 698 2068 erit
719 2009 833 2088 placita
854 2009 1052 2068 assuetudine
1077 2008 1204 2084 vultus,
1307 1997 1308 2026 ³

276 2105 321 2164 Tu
343 2089 467 2185 quoque
488 2127 526 2164 ne
548 2112 677 2185 metuas,
702 2107 842 2185 quamvis
864 2104 969 2165 schola
991 2105 1117 2164 verbere
1138 2105 1244 2165 multo

279 2202 433 2281 Increpet,
451 2208 482 2260 et
502 2194 677 2261 truculenta
699 2223 792 2261 senex
813 2211 900 2281 gerat
921 2223 974 2261 ora
994 2201 1151 2279 magister.

278 2298 452 2374 Degeneres
474 2299 591 2357 animos
613 2299 708 2357 timor
728 2299 849 2376 arguit:
874 2307 905 2357 at
928 2299 982 2356 tibi
1006 2306 1113 2357 consta

278 2394 470 2473 Intrepidus;
495 2416 551 2453 nec
572 2403 603 2454 te
624 2396 741 2455 clamor
761 2395 920 2477 plagaeque
942 2404 1087 2454 sonantes

277 2491 341 2549 Nec
363 2492 522 2550 matutinis
547 2493 643 2570 agitet
665 2492 796 2553 formido
819 2492 876 2552 sub
898 2493 992 2565 horis,

277 2587 366 2654 Quod
388 2595 543 2667 sceptrum
567 2589 667 2648 vibrat
689 2589 805 2663 lerulae,
829 2589 912 2669 quod
934 2589 1030 2648 multa
1053 2588 1197 2668 supellex
1305 2589 1306 2616 ³

276 2685 399 2762 Virgea,
424 2686 505 2766 quod
529 2685 621 2744 fallax
642 2687 790 2746 scuticam
812 2688 955 2767 praetexit
976 2687 1071 2758 aluta,

277 2782 366 2849 Quod
387 2782 509 2841 fervent
532 2783 653 2862 trepido
675 2783 819 2842 subsellia
843 2793 943 2843 vestra
965 2783 1112 2843 tumultu.

279 2880 353 2937 Haec
375 2879 447 2938 olim
469 2879 650 2958 genitorque
673 2887 744 2938 tuus
766 2881 966 2959 genetrixque
988 2880 1085 2939 secuti

277 2977 422 3034 Securam
444 2975 566 3054 placido
588 2976 664 3035 mihi
686 2977 873 3056 permulsere
896 2985 1061 3036 senectam.

196 3147 198 3151 ι
279 3074 324 3132 Tu
347 3072 479 3145 senium,
504 3073 721 3153 quodcumque
744 3072 1009 3155 superlabentibus
1031 3073 1119 3132 annis
1295 3077 1304 3138 t

279 3171 352 3229 Fata
373 3168 502 3242 dabunt,
526 3170 579 3248 qui
602 3190 718 3228 nomen
741 3171 790 3228 avi
813 3171 893 3248 geris
915 3170 1017 3228 indole
1039 3169 1147 3249 prima,
1303 3157 1304 3180 ¹

279 3267 379 3326 Prime
401 3286 509 3346 nepos,
533 3266 582 3324 vel
604 3287 635 3324 re
658 3266 707 3324 vel
736 3287 789 3346 spe
810 3267 887 3325 mihi
908 3287 1003 3346 porge
1025 3266 1206 3350 fruentum.
1303 3259 1304 3317 l

279 3364 368 3422 Nunc
390 3384 447 3441 ego
468 3372 499 3423 te
520 3382 662 3445 puerum,
690 3383 761 3420 mox
784 3365 816 3421 in
835 3363 1026 3443 juvenilibus
1049 3363 1137 3422 annis

277 3461 407 3540 lamque
429 3461 530 3518 virum
554 3480 689 3533 cernam,
714 3461 739 3518 si
763 3461 889 3519 forsita
908 3461 1049 3540 jusserit;
1073 3467 1183 3539 usque'

279 3558 407 3616 Praemia
429 3558 590 3616 Musarum
612 3557 736 3636 cupias3
757 3557 910 3616 facundus
927 3564 956 3615 et
972 3557 1044 3615 olim

280 3654 494 3731 Hacgradiare
510 3654 570 3726 via,
588 3675 648 3735 qua
660 3675 715 3713 nos
731 3655 964 3734 praecessimus,
981 3660 1013 3712 et
1027 3654 1076 3712 cui

279 3750 446 3810 Proconsul
459 3751 589 3829 genitor,
605 3751 778 3830 praelectus
789 3750 960 3811 avunculus
977 3750 1103 3810 instant.

670 3911 810 3962 ,20-
