2656 4258
312 175 395 234 213.
415 174 628 240 Mervetlles
647 177 691 232 de
710 175 909 246 Babylone.

379 269 438 351 (Dc
459 269 635 352 Rabylonis
658 269 843 350 miraculis.)

152 402 343 482 Babylonem
379 403 557 462 Semiramis
586 399 778 476 condiderat,
812 402 874 476 vel,
906 410 942 463 ut
975 401 1115 489 plerique
1142 397 1184 462 3·

108 498 283 571 credidere,
301 497 405 572 BeluS,
423 499 512 582 cujus
524 499 607 578 regia
623 499 807 560 ostenditur.
824 499 933 560 Murus
947 499 1116 560 instructus

108 595 262 656 laterculo
284 596 400 668 coctili,
419 595 571 656 bitumine
591 595 761 667 interlitus,
782 596 915 676 spatium
937 594 1065 674 triginta
1087 601 1118 654 et

108 697 244 765 duorum
257 697 370 778 pedum
390 696 553 758 latitudine
573 697 779 777 amplectitur,
796 687 849 756 ub'i
864 696 1023 776 quadrigae
1036 696 1119 754 inter

109 815 143 853 se
153 777 352 853 occurrentes
366 793 431 876 sine
442 794 580 874 periculo
593 813 764 854 commeare
777 793 934 853 dicuntur.
944 781 1122 873 Euphrates

108 890 273 962 interfluit,-
294 911 477 971 magnaeque
497 891 586 950 molis
606 890 816 970 crepidinibus
838 896 1009 950 coercetur.
1034 889 1117 950 Pons

108 986 251 1068 lapideus
280 987 400 1048 llumini
438 987 602 1068 impositus
627 988 734 1068 jungit
756 987 879 1060 urbem;
906 985 957 1046 bic
992 1005 1118 1070 quoque

107 1085 192 1146 inter
204 1083 355 1144 mirabilia
371 1083 507 1145 Orientis
522 1104 615 1164 opera
631 1090 810 1146 numeratus
823 1091 880 1148 est.
897 1085 1009 1144 Arcem
1023 1081 1116 1146 etiam

108 1180 265 1240 mirantur
294 1180 412 1240 ambitu
440 1180 552 1259 viginti
585 1180 683 1240 stadia
717 1180 920 1262 complexam,
950 1177 1116 1243 altitudine

2 1355 3 1360 η
107 1276 271 1355 octoginta
291 1275 385 1357 pedes
406 1283 615 1358 superantem.
636 1277 736 1358 Super
754 1296 834 1350 arce,
850 1276 1010 1354 vulgatum
1031 1274 1120 1336 Grae-

2 1363 3 1430 }
106 1394 218 1434 corum
236 1374 348 1438 sabulis
367 1373 561 1447 miraculum,
586 1374 719 1454 pensiles
735 1374 816 1434 horti
838 1380 921 1434 sunt.
945 1373 1025 1432 Saxo
1047 1371 1118 1453 pilea

2 1495 3 1558 q
105 1491 180 1550 quae
202 1477 300 1530 totum
326 1491 404 1545 onus
432 1470 588 1530 sustinent
615 1470 774 1547 instructae
799 1477 897 1531 sunt:
925 1490 1018 1550 super
1040 1469 1119 1549 pilas

2 1581 3 1638 l
105 1565 212 1646 lapide
235 1566 385 1647 quadrato
407 1566 506 1626 solum
533 1574 663 1627 stratum
685 1574 742 1641 est,
766 1567 886 1647 patiens
915 1574 1004 1627 terrae
1026 1586 1118 1646 quam

2 1645 3 1688 ³
105 1661 201 1722 altam
231 1663 376 1743 injiciunt
410 1676 441 1724 et
472 1664 589 1723 umoris
620 1684 683 1745 quo
707 1664 809 1741 rigant
835 1670 948 1736 terras;
979 1663 1119 1742 adeoque

106 1759 315 1819 validissimas
335 1760 460 1820 arbores
483 1760 636 1820 sustinent
658 1760 761 1819 moles
785 1767 816 1819 et
835 1760 999 1838 frugiferas
1031 1778 1119 1843 aeque

2 1851 3 1858 '
106 1876 144 1914 ac
168 1855 193 1914 si
219 1865 300 1918 terra
321 1878 375 1916 sua
402 1857 567 1918 alerentur.
599 1857 725 1926 Credas,
750 1856 857 1937 procul
880 1856 1026 1915 viridaria
1057 1855 1119 1916 alta

2 1951 3 1986 ³
107 1953 337 2032 prospiciend0,
356 1953 451 2012 silvas
465 1953 625 2012 imminere
638 1953 795 2014 montibus
806 1953 880 2012 suis.
893 1953 990 2032 Syriae
1001 1973 1116 2030 regem,

2 2075 3 2128 ,
108 2049 267 2129 Babylone
293 2058 491 2128 regnantem,
520 2051 678 2130 hocopus
704 2071 769 2109 esse
795 2049 936 2109 molitum
961 2048 1118 2107 memoriae

2 2131 3 2136 ἵ
107 2146 267 2226 proditum
301 2154 357 2217 est,
391 2167 495 2206 amore
523 2147 665 2227 conjugis
695 2147 823 2220 victum,
855 2166 935 2226 quae,
965 2145 1118 2206 desiderio

107 2263 271 2302 nemorum
288 2243 502 2324 silvarumque
517 2244 549 2302 in
571 2243 795 2324 campestribus
815 2243 890 2302 locis
911 2243 1012 2301 virum
1032 2262 1118 2304 com-

32 2334 41 2352 '
106 2339 189 2420 pulit
202 2341 417 2399 amoenitatem
432 2347 553 2400 naturae
568 2362 678 2419 genere
694 2341 785 2421 hujus
798 2341 899 2421 operis
919 2338 1044 2400 imitari.

313 2543 397 2601 214.
417 2545 521 2600 Luxe
541 2545 607 2600 des
626 2543 705 2600 rote
724 2545 769 2599 dc
789 2545 913 2601 Perse.

316 2637 375 2719 (De
396 2638 599 2699 Persicorum
621 2660 732 2722 repam
755 2637 907 2720 luceria.)

148 2769 268 2847 Regum
310 2777 414 2830 tamen
455 2771 587 2844 luxuria,
632 2792 724 2851 quam
758 2770 818 2850 ipsi
854 2769 1115 2848 magnificentiam
1143 2773 1185 2837 3·

105 2865 277 2946 appellant,
310 2888 403 2946 supra
427 2867 566 2926 omnium
589 2868 729 2945 gentium
757 2867 845 2926 vitia.
869 2867 948 2926 Cum
969 2887 1023 2926 rex
1051 2887 1117 2926 sese

105 2963 139 3020 in
165 2963 291 3042 publico
318 2963 457 3043 conspici
488 2965 616 3043 patitur,
647 2963 783 3024 turibula
808 2971 953 3041 argentea
981 2962 1117 3022 ministri

106 3059 222 3132 lerunt,
237 3067 402 3140 totumque
420 3061 480 3120 iter
506 3080 560 3140 per
579 3061 661 3142 quod
683 3061 755 3120 ferri
774 3061 949 3132 destinavit,
966 3061 1115 3122 odoribus

104 3155 274 3235 complent.
307 3159 408 3216 Aurea
429 3157 538 3216 lectica
565 3158 738 3236 margaritis
762 3157 878 3216 circum
907 3157 1116 3238 pendentibus

106 3252 250 3323 recubat;
286 3253 430 3313 distincta
463 3261 536 3313 sunt
562 3275 638 3312 auro
669 3262 700 3312 et
725 3274 862 3334 purpura
893 3253 1021 3312 carbasa
1047 3275 1117 3334 quae

10 3340 14 3351 ’
106 3348 235 3409 indutus
251 3356 315 3423 est;
333 3349 472 3412 lecticam
486 3357 659 3430 sequuntur
673 3350 782 3410 armati
797 3349 997 3430 corporisque
1012 3358 1118 3410 custo-

104 3445 171 3518 des,
200 3445 282 3504 inter
305 3447 502 3534 quossramis
533 3468 604 3506 aves
632 3446 780 3526 pendent,
807 3466 882 3524 quas
909 3451 1001 3510 cantu
1031 3447 1118 3508 seriis

105 3542 200 3602 rebus
210 3542 388 3622 obstrepere
399 3542 581 3602 docuerunt.
595 3543 691 3622 Regia
703 3550 825 3601 auratas
836 3542 995 3602 columnas
1005 3542 1115 3618 habet;

105 3655 188 3708 totas
202 3669 254 3707 eas
267 3648 339 3706 vitis
350 3669 425 3707 auro
436 3648 543 3707 caelata
554 3648 716 3728 percurrit,
729 3648 894 3728 aviumque
905 3669 1036 3729 quarum
1047 3649 1117 3708 visu

104 3745 239 3804 maxime
274 3744 410 3822 gaudent
444 3753 597 3822 argenteae
630 3745 744 3823 effigies
776 3765 869 3826 opera
904 3745 1113 3823 distinguunt.

536 3921 694 3974 -149—
