2678 4250
124 163 195 220 275.
209 163 240 220 n
258 161 340 220 faut
354 161 500 231 inviter,
511 162 550 219 et
562 173 634 217 non
648 157 831 228 ethueter
845 147 1106 212 ses'oonvives.

279 283 451 366 (invitandi
469 282 613 358 convivae,
637 302 700 342 non
720 274 943 360 describendi)

155 461 600 540 Longumestaltiusrepetere‚
610 481 666 519 nec
676 459 782 531 refert,
795 454 1057 538 quemadmodum
1069 473 1116 510 ac·
1133 435 1175 499 3⁹

120 558 221 618 ciderit
232 566 267 618 ut
278 558 371 616 homo
384 557 511 616 minime
527 557 686 616 familiaris
695 575 836 615 cenarem
846 553 928 633 apud
939 550 1115 632 quemdam,

121 659 152 708 ut
172 650 227 708 sibi
247 649 420 721 videbatur,
443 649 561 709 lautum
583 655 614 708 et
632 647 829 726 diligentem;
847 654 881 706 ut
900 645 986 717 mihi,
1011 645 1108 704 sordi·

23 751 24 754 ’
120 747 186 806 dum
206 746 297 805 simul
316 754 347 807 et
368 754 593 826 sumptuosum.
617 746 694 804 Nam
713 744 771 804 sibi
790 753 821 803 et
842 742 947 824 paucis
968 742 1109 823 quaedam

23 869 24 882 ¹
118 845 224 922 opima,
241 843 351 902 ceteris
369 843 441 902 vilia
457 852 488 902 et
502 842 621 901 minuta
639 842 784 922 ponebat.
799 841 913 898 Vinum
931 839 1022 898 etiam
1040 860 1110 920 par-

118 939 191 998 vulis
202 939 373 1018 lagunculis
392 940 422 998 in
443 941 500 999 tria
515 960 626 1017 genera
644 937 857 1018 descripserat,
874 958 934 995 non
955 944 990 996 ut
1006 944 1110 1016 potes-

116 1045 160 1096 tas
172 1035 313 1115 eligendi,
326 1037 378 1096 sed
394 1057 432 1095 ne
443 1037 495 1117 jus
508 1044 586 1095 esset
602 1035 761 1095 recusandi
779 1053 786 1095 ε
800 1033 883 1092 aliud
894 1033 951 1092 sibi
964 1041 994 1092 et
1008 1033 1107 1105 nobis,

115 1133 192 1192 aliud
209 1133 378 1192 minoribus
393 1133 498 1192 amicis
512 1139 592 1211 (nam
609 1131 760 1210 gradatim
771 1131 885 1190 amicos
897 1129 1014 1210 habet),
1026 1130 1109 1188 aliud
1147 1199 1149 1205 Ι

115 1230 174 1288 suis
191 1230 366 1311 nostrisque
389 1230 515 1289 libertis
540 1229 770 1288 Animadvertit
788 1228 841 1308 qui
860 1227 935 1286 mihi
953 1226 1110 1306 proximus

114 1327 324 1400 accumbebat,
344 1335 431 1386 etan
449 1326 610 1407 probarem
631 1325 843 1403 interrogavit.
865 1360 903 1370 -
923 1323 1050 1402 Negavi.
1071 1358 1110 1368 -

114 1425 159 1482 Tu
176 1443 259 1501 erg0,
275 1423 386 1505 inquit,
403 1444 493 1503 quam
506 1423 760 1483 consuetudinem
773 1422 933 1502 sequeris?
947 1421 1109 1480 —Eadem

113 1521 254 1581 omnibus
282 1541 365 1600 pono
396 1539 403 1582 :
432 1520 469 1579 ad
490 1541 597 1579 cenam
617 1520 788 1590 enim,non
811 1519 849 1578 ad
868 1518 1107 1593 notam‚invito,

112 1617 292 1696 cunctisque
317 1616 408 1695 rebus
425 1637 554 1697 exaequo
578 1638 655 1696 quos
676 1637 781 1675 mensa
796 1623 828 1675 et
843 1624 912 1675 toro
925 1616 1056 1697 aequavi.
1070 1651 1110 1660 -

113 1715 252 1773 Etiamne
264 1713 389 1773 libertos
400 1717 459 1774 ‘l—
468 1715 567 1774 Etiam
581 1733 587 1772 z
600 1713 792 1772 convictores
805 1713 897 1782 enim,
909 1733 971 1771 non
984 1713 1110 1772 libertos

23 1815 24 1818 ’
111 1818 198 1890 pute.
220 1846 260 1855 -
281 1811 320 1870 Et
336 1810 387 1871 ille
404 1829 411 1871 ε
430 1832 541 1889 magno
558 1811 614 1869 tibi
636 1817 767 1870 constat.
786 1844 824 1853 —
842 1809 980 1870 Minime.
998 1843 1036 1854 --
1051 1809 1109 1876 Qui
1127 1833 1128 1838 ¹

23 1985 24 1990 ἵ
111 1908 177 1966 lieri
188 1909 316 1989 potest?
332 1942 372 1952 —
384 1907 460 1976 Quia
473 1908 590 1966 scilicet
599 1907 701 1966 liberti
711 1907 772 1966 mei
788 1927 848 1965 non
863 1906 944 1965 idem
955 1905 1037 1986 quod
1053 1927 1110 1985 ego

111 2004 232 2078 bibunt,
256 2003 411 2064 sedidem
433 2025 489 2082 ego
511 2005 593 2083 quod
615 2005 727 2064 liberti.
752 2004 800 2077 Et,
827 2004 960 2098 hercule,
983 2003 1009 2062 si
1030 2003 1109 2082 gulae

23 2161 25 2182 ,
110 2109 274 2181 temperes,
290 2121 351 2159 non
369 2109 415 2160 est
430 2120 593 2160 onerosum
609 2122 670 2181 quo
690 2101 786 2160 utaris
803 2100 867 2180 ipse
884 2101 1110 2160 communicare

23 2185 25 2204 .

23 2209 24 2218 ¹
109 2197 346 2278 cumpluribus.
369 2198 424 2257 llla
444 2218 516 2275 ergo
534 2198 737 2278 reprimenda,
754 2197 805 2256 illa
824 2198 857 2256 in
873 2197 1011 2257 ordinem
1029 2198 1110 2257 redi.-

109 2294 210 2371 genda
233 2301 290 2365 est,
310 2295 335 2353 si
357 2295 531 2374 sumptibus
552 2315 669 2374 parcaS,
689 2295 799 2374 quibus
821 2294 978 2376 aliquanto
996 2295 1110 2356 rectius

110 2398 163 2450 tua
178 2391 369 2450 coutinentia
383 2411 474 2471 quam
485 2382 584 2451 aliena
596 2392 783 2452 contumelia
798 2391 950 2453 consulas.

267 2647 352 2707 276.
373 2648 505 2706 contre
528 2648 584 2706 les
603 2647 775 2705 hoissons
795 2645 953 2720 glacees.

432 2769 490 2850 (De
509 2769 626 2854 9elidia
639 2769 793 2853 potibus.)

153 2945 253 3004 Hodie
274 2967 336 3005 non
356 2953 462 3006 aestate
484 2954 616 3019 tantum,
641 2947 694 3006 sed
714 2955 745 3006 et
763 2947 862 3007 media
882 2948 982 3008 hieme
1007 2949 1110 3009 nivem
1139 2943 1176 3007 2⁰

23 3071 24 3118 }
110 3038 236 3104 bibunt.
261 3041 335 3111 Quae
349 3043 442 3122 hujus
462 3043 505 3102 rei
522 3051 686 3117 causaest,
707 3044 766 3102 nisi
785 3044 966 3105 intestinum
983 3045 1108 3120 malum,
1215 3104 1218 3110 .

109 3143 143 3194 et
165 3137 242 3198 luxu
261 3146 406 3221 corrupta
433 3140 612 3219 praecordia,
641 3141 753 3220 quibus
777 3141 894 3200 nullum
914 3142 1110 3202 intervallum

111 3232 259 3314 umquam
281 3257 342 3318 quo
360 3237 646 3316 interquiescerent,
671 3237 775 3297 datum
798 3239 866 3298 est?
886 3239 1004 3299 Deinde
1024 3261 1111 3300 num-

109 3337 205 3407 quam
224 3327 395 3392 intermissa
423 3334 659 3413 intemperantia
686 3335 837 3415 quidquid
866 3336 955 3395 avide
986 3347 1111 3398 coxerat

110 3427 261 3502 efferavit,
282 3437 313 3488 et
336 3430 367 3489 in
388 3431 574 3489 desiderium
596 3415 715 3510 semper
737 3432 810 3490 novi
827 3431 937 3511 rigoris
957 3435 1108 3495 accendit.

23 3547 24 3550 ¹
110 3521 221 3601 Itaque
234 3527 374 3605 quamvis
387 3527 579 3586 cenationem
595 3528 671 3586 velis
686 3548 720 3586 ac
733 3528 942 3607 specularibus
957 3533 1108 3605 muniant,

110 3623 147 3674 et
163 3617 229 3696 igne
245 3623 341 3682 multo
355 3623 481 3683 doment
496 3625 640 3698 hiemem,
655 3624 855 3684 nihilominus
868 3629 1045 3688 stomachus
1060 3629 1110 3687 illc

108 3712 244 3790 solutuS,
255 3727 286 3778 et
301 3729 377 3779 aestu
389 3741 444 3780 suo
457 3720 630 3800 languidus,
644 3722 755 3800 quaerit
765 3721 881 3802 aliquid
892 3744 953 3803 quo
963 3725 1108 3802 erigatur.

200 3825 238 3864 Via
249 3827 325 3876 priate
336 3827 373 3868 des
383 3826 500 3868 Romaim.
1020 3834 1044 3869 13

532 3908 689 3960 -193-
793 3914 796 3920 ’
