2670 4252
343 145 402 202 56.
419 148 559 202 Penser
572 158 644 214 par
659 144 855 232 soi-meme.

462 241 519 321 (De
540 248 591 300 tuo
612 239 738 322 capita.)

138 374 214 432 Viro
231 382 353 452 captare
373 373 517 432 flosculos
535 379 624 453 turpe
646 379 703 445 est,
720 379 751 430 et
761 370 869 429 fulcire
884 391 916 430 se
931 367 1099 428 notissimis
1126 361 1165 425 2⁰

99 491 134 528 ac
149 471 342 550 paucissimis
356 471 495 541 vocibus,
512 478 543 528 et
558 469 704 529 memoria
720 475 821 528 stare:
839 467 897 526 sibi
909 467 972 546 jam
988 465 1100 523 innita-

99 573 160 624 tur.
176 567 269 625 Dicat
280 567 349 637 ista,
366 587 429 624 non
442 573 566 627 teneat:
583 574 673 645 turpe
688 571 735 624 est
756 565 838 623 enim
859 563 924 622 seni
945 570 999 622 aut
1015 581 1100 640 pros-

100 662 229 741 picienti
247 670 435 722 senectutem
454 684 491 722 ex
510 662 730 722 commentario
746 682 863 740 sapere.
881 685 895 715 «
916 661 982 718 Hoc
996 661 1100 717 Zenon

98 759 179 816 dixit
196 784 211 814 u
228 779 234 819 :
252 767 286 818 tu
302 761 401 840 quid?
419 784 433 814 «
453 759 511 818 hoc
529 759 693 818 Cleanthes
713 783 726 813 »
746 777 752 818 :
772 766 806 817 tu
822 757 918 836 quid?
935 756 1100 834 Quousque

98 854 155 913 sub
174 855 236 914 alio
253 857 411 915 moveris?
425 858 545 935 Impera
560 864 592 914 et
609 855 657 914 dic
670 855 751 936 quod
768 854 933 912 memoriae
951 852 1099 910 tradatur.

97 942 227 1032 Aliquid
249 960 281 1011 et
296 951 334 1011 de
353 960 407 1011 tuo
429 953 543 1032 proter.
568 953 681 1011 Omnes
701 953 804 1032 itaque
824 951 911 1024 istos,
932 967 1100 1028 numquam

97 1057 254 1118 auctores
277 1071 398 1129 semper
418 1051 600 1128 interpretes
620 1049 677 1108 sub
702 1048 930 1108 alienaumbra
958 1046 1099 1117 latentes

98 1145 177 1204 nihil
193 1147 337 1205 existimo
355 1145 465 1204 habere
482 1146 632 1223 generosi,
649 1167 816 1225 numquam
835 1165 924 1203 ausos
937 1140 1102 1222 aliquando

98 1242 212 1314 tacere,
234 1242 317 1321 quod
342 1243 394 1301 diu
412 1242 593 1300 didicerant.
614 1243 793 1300 Memoriam
819 1243 850 1300 in
878 1241 985 1300 alienis
1016 1260 1103 1297 exer-

96 1347 243 1397 cuerunt.
267 1339 360 1397 Aliud
385 1346 485 1398 autem
510 1348 555 1397 est
578 1339 762 1412 meminisse,
786 1338 870 1397 aliud
890 1337 977 1396 scire.
995 1335 1102 1416 Adjice

98 1453 184 1492 nunc
203 1435 287 1514 quod
303 1436 365 1506 isti,
380 1435 432 1514 qui
451 1456 618 1514 numquam
634 1434 747 1493 tutelae
766 1456 841 1517 *suae
863 1433 951 1504 siunt,
969 1433 1102 1512 primum

98 1531 130 1587 in
159 1551 196 1589 ea
223 1553 256 1589 re
282 1540 454 1610 sequuntur
477 1532 603 1610 priores,
626 1532 737 1610 inqua
761 1552 850 1589 nemo
871 1552 932 1588 non
960 1552 976 1588 a
1003 1529 1103 1608 priore

97 1627 242 1687 descivit.
259 1627 377 1686 Deinde
387 1628 418 1685 in
431 1649 465 1686 ea
486 1635 708 1706 resequuntur,
724 1649 801 1707 quae
815 1626 914 1685 adhuc
933 1626 1101 1706 quaeritur.

98 1724 278 1802 Numquam
294 1734 394 1782 autem
411 1725 595 1792 invenietur,
613 1725 637 1782 si
652 1725 789 1783 contenti
799 1725 945 1782 fuerimus
956 1723 1102 1781 inventis

98 1803 264 1879 Praeterea
291 1821 342 1900 qui
372 1822 464 1880 alium
492 1821 641 1900 sequitur,
669 1820 744 1879 nihil
769 1822 898 1891 invenit,
929 1821 1023 1878 immo
1048 1839 1104 1876 nee

98 1919 234 1997 quaerit.
258 1917 338 1984 Quid
361 1919 458 1998 ergo?
478 1939 539 1975 non
558 1918 609 1976 ibo
632 1939 687 1997 per
708 1918 845 1997 priorum
867 1917 1021 1994 vestigia?
1039 1917 1104 1993 Ego

97 2036 174 2073 vero
206 2023 277 2073 utar
306 2015 355 2074 via
385 2015 493 2080 veteri,
531 2014 583 2072 sed
610 2015 634 2072 si
667 2015 842 2094 propiorem
873 2015 1105 2094 planioremque

98 2111 261 2184 invenero,
281 2111 360 2169 hanc
377 2105 524 2170 muniam.
543 2110 600 2177 Qui
617 2118 686 2170 ante
705 2131 760 2168 nos
775 2112 832 2169 ista
851 2113 1025 2180 moverunt,
1042 2129 1105 2167 non

98 2208 221 2266 domini
251 2209 359 2278 nostri,
380 2208 431 2266 sed
457 2209 550 2266 duces
575 2215 656 2267 sunt.
688 2208 776 2267 Patet
801 2207 949 2266 omnibus·
965 2205 1102 2265 veritas:

100 2304 242 2363 nondum
258 2313 304 2361 est
317 2314 476 2383 occupata.
495 2303 629 2362 Multum
649 2325 686 2362 ex
708 2304 759 2363 illa
782 2304 872 2362 etiam
888 2303 1001 2362 futuris
1018 2302 1106 2360 relic-

100 2409 239 2460 tumest.

324 2536 386 2606 57.
405 2537 577 2603 Dangers
596 2535 640 2590 de
660 2533 880 2591 l’tmitatton.

330 2629 442 2709 (Quam
459 2623 639 2711 periculosa
655 2629 696 2689 sit
719 2629 875 2710 imitatio.)

141 2762 280 2820 Primum
303 2783 381 2841 quos
398 2763 555 2821 imitemur
571 2761 830 2822 examinandum:
850 2782 920 2821 nam
944 2768 1016 2821 sunt
1031 2760 1101 2840 plu·
1115 2773 1169 2828 nh,

99 2859 183 2931 rimi,
202 2857 255 2938 qui
267 2859 500 2917 similitudinem
523 2859 646 2938 pessimi
666 2859 816 2938 cujusque
835 2867 865 2917 et
879 2859 1103 2937 corruptissimi

98 2955 342 3034 concupierunt3
365 2955 477 3038 tum'in
497 2957 581 3034 ipsis,
603 2951 680 3035 quos
700 2955 891 3034 elegerimus
908 2955 982 3035 quid
1000 2956 1049 3028 sit,
1067 2955 1105 3014 ad

99 3052 185 3130 quod
196 3073 252 3110 nos
266 3053 459 3111 efficiendum
473 3073 697 3132 comparemus
715 3053 792 3112 Nam
806 3054 837 3111 in
850 3053 968 3131 magnis
983 3037 1106 3132 quoque

98 3149 282 3226 auctoribus
300 3149 440 3208 incidunt
457 3150 558 3230 aliqua
577 3151 687 3208 vitiosa
709 3157 739 3208 et
763 3171 779 3208 a
802 3150 901 3208 doctis
921 3150 1001 3207 inter
1023 3149 1106 3228 ipsos

99 3246 196 3304 etiam
208 3253 317 3304 mutuo
328 3246 528 3325 reprehensa3
544 3254 635 3325 atque
648 3247 765 3304 utinam
781 3254 841 3304 tam
858 3246 937 3306 bona
952 3247 1107 3305 imitantes

99 3343 241 3401 dicerent
255 3343 365 3401 melius
382 3364 474 3422 quam
490 3343 569 3411 mala
589 3343 677 3422 pejus
698 3344 815 3401 dicunt.
835 3344 898 3402 Nec
911 3365 983 3402 vero
999 3344 1106 3402 saltem

101 3440 151 3505 iis,
170 3440 280 3520 quibus
296 3439 335 3497 ad
350 3440 493 3498 evitanda
509 3441 583 3498 vitia
595 3439 704 3520 judicii
718 3440 871 3512 satisfuit,
890 3440 1023 3499 sufficiat
1034 3441 1108 3499 ima-

99 3536 205 3614 ginem
223 3535 350 3601 virtutis
372 3537 567 3614 effingere,et
584 3537 690 3608 solam,
716 3543 750 3594 ut
769 3537 812 3594 sie
832 3536 972 3610 dixerim,
991 3545 1104 3606 cutem,

100 3633 154 3691 vel
169 3633 268 3711 potius
281 3633 349 3691 illas
366 3631 491 3712 Epicuri
504 3635 627 3710 ligures,
649 3655 725 3713 quas
748 3655 763 3692 e
783 3635 910 3693 summis
926 3634 1107 3712 corporibus

99 3729 182 3788 dicit
195 3731 329 3789 ellluere.
347 3721 413 3788 Hoc
434 3737 535 3788 autem
552 3730 598 3788 his
616 3730 737 3802 accidit,
759 3731 814 3810 qui
836 3752 897 3789 non
910 3730 1110 3809 introspectis

538 3890 674 3940 ,39-
