2682 4258
302 193 434 231 turritus.
458 207 496 217 -·
518 194 649 232 SCIENCES
682 206 726 223 ⁸*-
744 193 885 232 savnNTS.
908 207 948 218 -
969 161 1160 232 Pultosornus

229 323 308 386 quae
335 311 396 363 tam
428 305 493 364 sine
521 307 662 384 profectu
691 306 791 364 alieno
820 305 924 365 dicant
956 327 1047 386 quam
1076 305 1142 364 sine
1176 325 1234 364 suo

229 400 370 460 audiunt.
384 401 513 468 Quidam
530 402 567 461 ad
591 403 770 481 magnificas
785 423 877 462 voces
899 402 1073 462 excitantur
1088 406 1118 461 et
1133 409 1234 460 trans-

170 547 173 552 .
229 503 306 555 eunt
320 497 351 556 in
363 497 518 557 adfectum
533 498 701 558 dicentium
722 499 835 558 alacres
859 499 948 557 vultu
976 506 1007 558 et
1032 498 1147 571 animo,
1177 518 1236 556 nec

230 592 320 653 aliter
344 595 541 654 concitantur
569 617 661 675 quam
697 594 797 655 solent
834 596 958 675 Phrygii
988 595 1124 654 tibicinis
1156 615 1235 654 sono

230 691 366 749 semiviri
386 698 417 750 et
443 712 481 750 ex
505 691 634 771 imperio
660 693 808 754 furentes.
837 685 931 772 Rapit
952 692 1021 751 illos
1044 693 1236 772 instigatque

199 799 201 806 “
231 807 331 845 rerum
354 773 650 867 pulchritud0,⁴non
678 789 843 848 verborum
869 789 1008 848 inanium
1037 790 1170 849 sonitus.
1203 788 1236 848 Si
1325 827 1326 866 ,

230 884 306 963 quid
331 885 443 944 acriter
471 892 578 944 contra
606 893 736 946 mortem
761 886 879 945 dietum
902 893 960 960 est,
982 887 1007 944 si
1029 885 1103 966 quid
1126 893 1237 945 contra
1325 897 1326 900 ’

231 980 387 1040 fortunam
414 983 648 1057 contumaciter,
686 983 779 1063 juvat
806 983 958 1064 protinuS,
996 1003 1074 1063 quae
1112 982 1234 1052 audias,

231 1075 342 1139 facere.
357 1078 555 1138 Adficiuntur
577 1079 647 1152 iltis,
671 1088 702 1140 et
725 1087 799 1138 sunt
824 1080 929 1160 quales
950 1079 1111 1159 jubentur,
1134 1079 1159 1137 si
1184 1079 1237 1138 illa

230 1173 333 1232 animo
348 1174 445 1234 forma
461 1184 649 1254 permaneat,
670 1177 772 1234 sinon
790 1176 939 1256 impetum
962 1176 1114 1253 insignem
1138 1175 1239 1254 proti·-

232 1291 290 1330 nus
320 1272 465 1352 populus,
496 1272 618 1331 honesti
645 1273 811 1343 dissuasor,
837 1274 994 1354 excipiat:
1023 1272 1114 1352 pauci
1131 1269 1237 1346 illam,

231 1381 324 1446 quam
339 1377 545 1450 conceperant
558 1377 703 1444 mentem,
721 1370 847 1430 domum
860 1370 995 1450 perferre
1010 1375 1195 1451 potuerunt.

449 1609 533 1665 434.
553 1612 609 1667 Un
628 1607 793 1666 me'dectn
811 1611 877 1666 des
897 1609 1009 1666 ames.

466 1703 634 1785 (Quomodo
656 1704 757 1765 animi
777 1705 1003 1785 emendentur.)

167 1901 207 1964 2⁰
257 1886 362 1956 ¹Quod
389 1888 427 1948 ad
453 1889 530 1949 duos
554 1910 669 1950 amicos
700 1899 822 1950 nostros
855 1889 999 1970 pertinet,
1031 1888 1154 1949 diversa
1187 1889 1240 1948 via

233 1981 367 2040 eundum
386 1989 448 2042 est:
466 1982 591 2041 alterius
607 1984 688 2041 enim
704 1983 779 2042 vitia
793 1982 993 2056 emendanda,
1011 1982 1137 2041 alterius
1152 1981 1242 2041 fran-

233 2079 332 2156 genda
359 2085 440 2139 sunt.
465 2080 541 2138 Utar
568 2080 709 2138 libertate
738 2086 814 2138 tota.
849 2080 918 2138 Non
945 2100 1014 2138 amo
1047 2078 1146 2152 iilum,
1181 2079 1242 2138 nisi

232 2175 365 2236 offendo.
395 2175 503 2242 «Quid
526 2179 623 2254 ergo?
644 2177 758 2256 inquiS,
782 2175 1060 2258 quadragenarium
1082 2175 1241 2255 pupillum

231 2273 350 2350 cogitas
381 2273 438 2331 sub
455 2273 551 2332 tutela
575 2281 625 2332 tua
650 2275 837 2333 continere?
858 2274 988 2354 Respice
1013 2279 1145 2332 aetatem
1172 2272 1243 2353 ejus
1277 2263 1282 2270 ⁸

229 2369 295 2449 jam
310 2370 417 2428 duram
433 2377 463 2428 et
478 2370 712 2430 intractabilem.
731 2371 801 2429 Non
817 2378 919 2451 potest
930 2369 1090 2430 reformari
1108 2387 1114 2428 :
1132 2376 1242 2428 tenera

232 2465 402 2543 finguntur.
419 2491 433 2520 »
450 2469 498 2524 An
516 2468 711 2547 profecturus
731 2469 787 2527 sim
808 2468 922 2527 nescio.
949 2468 1032 2526 Malo
1061 2487 1242 2525 successum

233 2563 308 2621 mihi
325 2583 417 2642 quam
432 2563 523 2621 fidem
538 2564 653 2623 deesse.
677 2565 741 2624 Nec
756 2565 966 2645 desperaveris
992 2565 1084 2622 etiam
1100 2562 1243 2622 diutinos

232 2681 341 2738 aegros
361 2681 450 2739 posse
470 2661 581 2734 sanari,
599 2661 623 2718 si
646 2669 753 2720 contra
774 2661 1043 2741 intemperantiam
1063 2659 1195 2731 steteris,
1214 2659 1242 2718 si

234 2757 329 2816 multa
343 2757 458 2820 invitos
477 2764 507 2815 et
521 2758 621 2842 faeere
636 2759 772 2836 coegeris
792 2767 822 2817 et
840 2759 913 2838 pati.
936 2759 981 2818 Ne
1000 2757 1038 2815 de
1060 2755 1155 2816 altero
1170 2756 1243 2834 qui-

234 2854 304 2912 dem
321 2854 396 2912 satis
408 2854 538 2936 fiduciae
553 2855 662 2929 habe0‚
680 2862 808 2934 excepto
832 2875 879 2929 e0,
896 2855 979 2934 quod
997 2847 1098 2913 adhuc
1111 2873 1243 2932 peccare

234 2951 400 3010 erubescit.
431 2951 623 3009 Nutriendus
652 2959 698 3010 est
727 2952 776 3011 hic
805 2951 914 3032 pudor,
946 2952 998 3030 qui
1032 2949 1179 3032 quamdiu
1207 2949 1242 3008 in

233 3048 338 3106 animo
353 3048 420 3127 ejus
434 3048 602 3120 duraverit,
622 3048 733 3128 aliquis
750 3049 807 3106 erit
829 3049 927 3106 bonae
950 3047 1014 3126 spei
1032 3047 1141 3106 locus:
1167 3066 1241 3104 cum

235 3145 298 3202 hoe·
307 3152 453 3202 veterano
470 3145 591 3223 parcius
605 3145 757 3224 agendum
772 3152 858 3224 puto,
882 3166 920 3202 ne
940 3144 971 3202 in
992 3143 1242 3222 desperationem

234 3241 281 3299 sui
290 3242 405 3300 veniat.
423 3241 486 3299 Nec
500 3241 595 3299 ullum
610 3249 731 3320 tempus
746 3240 1016 3319 adgrediendisuit
1028 3239 1135 3298 melius
1146 3259 1242 3319 quam

235 3339 306 3412 hoc,
330 3337 403 3396 dum
425 3330 649 3417 interquiescit,
672 3338 744 3397 dum
772 3339 937 3397 emendato
960 3337 1067 3395 similis
1086 3343 1143 3395 est.
1160 3335 1243 3396 Aliis

236 3435 311 3493 haee
341 3434 528 3492 intermissio
554 3436 620 3514 ejus
650 3436 798 3514 imposuit
824 3453 830 3495 :
855 3434 932 3493 mihi
962 3433 1054 3492 verba
1083 3453 1145 3492 non
1173 3431 1240 3494 dat.

236 3532 389 3610 Exspecto
404 3551 473 3588 cum
491 3551 601 3607 magno
617 3531 740 3590 faenore
752 3532 826 3590 vitia
837 3531 984 3603 reditura,
993 3551 1070 3610 quae
1081 3549 1163 3588 nunc
1175 3531 1244 3589 scio

235 3647 365 3698 cessare,
388 3647 449 3685 non
472 3628 588 3686 deesse.
623 3628 802 3708 impendam
826 3629 899 3688 huic
921 3628 964 3688 rei
990 3628 1055 3686 dies
1081 3633 1112 3686 et
1134 3623 1244 3685 utrum

235 3724 335 3805 possit
351 3723 466 3802 aliquid
482 3724 529 3801 agi
546 3745 584 3782 an
603 3746 664 3783 non
680 3727 787 3804 possit,
810 3726 957 3806 experiar.
1206 3723 1208 3730 ’

661 3885 819 3962 ani:
