2682 4258
503 157 629 196 MORALE.
654 172 691 182 -·
712 157 897 196 PlllLOSOPlllE

203 265 358 346 inquietae
371 287 493 340 manus,
509 267 595 326 color
608 289 726 341 versus,
744 267 851 327 crebra
866 276 897 327 et
908 268 1123 327 vehementius
1136 271 1205 330 acta

202 367 346 446 suspiria,
371 367 413 426 ita
435 365 635 429 irascentium
654 368 761 428 eadem
788 370 873 447 signa
897 377 991 430 sunt:
1014 369 1145 447 flagrant
1168 387 1205 427 ac

203 463 318 523 micant
339 464 431 539 oculi,
452 465 568 524 multus
590 486 643 536 ore
661 473 726 546 toto
746 467 841 525 rubor
860 473 1057 527 exaestuante
1075 466 1114 526 ab
1133 465 1207 524 imis

202 561 390 640 praecordiis
414 563 574 640 sauguine.
597 562 695 622 Labra
717 563 911 642 quatiuntur,
941 559 1049 622 dentes
1070 563 1207 642 compri-

201 665 339 730 muntur,
357 659 485 717 horrent
499 679 533 718 ac
548 659 749 736 subriguntur
763 645 876 739 capilli‚'
891 657 1018 739 spiritus
1033 667 1158 719 coactus
1169 679 1207 718 ac

202 754 347 828 stridens,
367 756 566 815 articulorum
581 757 709 835 seipsos
724 757 935 836 torquentium
950 777 1055 830 sonus,
1071 757 1206 834 gemitus

202 851 400 931 mugitusque
413 860 442 910 et
456 873 564 931 parum
576 852 748 932 explanatis
756 852 884 912 vocibus
898 874 997 912 sermo
1007 861 1205 932 praeruptus

201 954 234 1007 et
249 949 423 1028 complosae
442 950 564 1029 saepius
577 970 698 1023 manus
715 957 746 1008 et
758 949 877 1030 pulsata
894 950 1006 1008 humus
1018 949 1159 1029 pedibus¹
1174 955 1207 1008 et

201 1051 303 1104 totum
329 1045 485 1106 concitum
512 1064 625 1126 corpus
657 1067 844 1127 magnasque
873 1047 936 1106 irae
969 1047 1069 1106 minas
1097 1067 1205 1124 agens,

201 1141 293 1201 foeda
306 1142 374 1200 visu
389 1149 420 1202 et
435 1143 586 1223 horrenda
604 1143 697 1202 facies
717 1143 954 1223 depravantium
971 1164 1003 1202 se
1016 1151 1107 1224 atque
1123 1144 1207 1202 intu-

202 1239 415 1302 mescentium.
435 1239 560 1299 Nescias
582 1246 686 1300 utrum
707 1239 804 1318 magis
826 1239 1009 1300 detestabile
1031 1240 1143 1299 vitium
1166 1239 1208 1299 sit

194 1353 240 1392 'an
256 1335 404 1395 deforme.
739 1347 740 1352 ’

215 1667 220 1680 ‚
284 1590 370 1648 449.
389 1593 439 1649 Le
458 1593 638 1662 coupable
657 1606 703 1649 en
721 1593 824 1662 prole
843 1605 919 1650 aux
936 1591 1106 1650 remords
1182 1587 1196 1646 ζ’

325 1694 448 1776 (Sontes
469 1697 622 1757 scelerum
647 1697 836 1757 conscientia
857 1696 1083 1780 exagitantur.)

784 1855 849 1916 Cur
870 1862 976 1915 tamen
998 1856 1054 1915 hos
1073 1863 1104 1915 tu

242 1950 383 2011 Evasisse
404 1960 504 2031 putee,
529 1974 606 2032 quos
628 1953 687 2012 diri
709 1953 832 2013 conscia
854 1953 927 2012 lacti

204 2037 206 2043 ,
241 2047 330 2108 Mens
351 2049 442 2108 hahet
463 2050 613 2108 attonitos
634 2058 665 2109 et
686 2050 780 2109 surdo
803 2050 930 2110 verbere
952 2049 1063 2119 caedit,

239 2143 581 2226 Occultuquuatiente
603 2147 708 2206 animo
730 2154 848 2206 tortore
869 2147 1047 2225 ssagellum‘l

240 2241 342 2301 Poena
364 2251 468 2301 autem
491 2243 657 2302 vehemens
680 2243 825 2302 acmulto
848 2244 973 2302 saevior
992 2243 1053 2302 illis

239 2337 322 2405 Quas
344 2347 375 2398 et
396 2340 557 2399 Caedicius
578 2341 681 2418 gravis
703 2340 822 2399 invenit
843 2347 874 2399 et
895 2340 1164 2409 Rhadamanthus,

204 2421 209 2428 ⁸
241 2435 338 2496 Nocte
360 2435 470 2515 dieque
492 2457 580 2496 suum
602 2445 723 2516 gestare
745 2437 776 2495 in
799 2444 923 2516 pectore
945 2445 1066 2496 testem.

242 2531 304 2590 Has
326 2532 443 2611 patitur
464 2554 571 2612 poenas
594 2534 741 2612 peccandi
763 2535 827 2592 sola
849 2534 1004 2593 voluntas.

242 2627 318 2688 Nam
342 2630 440 2688 scelus
462 2630 545 2688 intra
567 2651 598 2688 se
620 2631 749 2688 tacitum
771 2631 823 2709 qui
845 2631 961 2708 cogitat
982 2629 1077 2688 ullum

244 2723 329 2784 Facti
351 2726 468 2784 crimen
490 2725 592 2786 habet.
618 2726 714 2799 Cede,
738 2727 762 2784 si
784 2735 894 2786 conata
915 2727 1057 2805 peregit?

247 2821 398 2902 Perpetua
420 2824 558 2883 anxietas
581 2845 637 2882 nec
659 2843 773 2882 mensae
795 2830 933 2903 tempore
955 2831 1064 2897 cessat,

253 2919 405 2978 Faucibus
426 2927 460 2979 ut
482 2921 588 2980 morbo
610 2921 699 2980 siccis
720 2920 862 3000 interque
883 2919 1013 2980 molares

243 3015 373 3074 Difficili
396 3025 554 3076 crescente
575 3017 660 3088 cibo;
700 3016 803 3076 Setina
851 3017 987 3076 misellus

215 3111 217 3114 ’
241 3113 388 3194 Exspuit;
414 3112 530 3172 Albani
552 3114 666 3172 veteris
688 3113 821 3192 pretiosa
843 3123 984 3172 senectus
1011 3119 1014 3126 '

240 3210 404 3290 Displicet.
429 3210 583 3269 Ostendes
604 3209 725 3281 melius,
749 3209 930 3269 densissima
951 3230 1026 3288 ruga

240 3308 372 3385 Cogitur
392 3309 423 3366 in
446 3307 592 3376 frontem,
616 3306 702 3365 velut
723 3306 784 3365 acri
807 3306 898 3366 ducta
921 3307 1060 3366 Falerno.

242 3403 339 3463 Noete
360 3406 485 3463 brevem
507 3405 533 3463 si
555 3404 637 3463 forte
659 3403 787 3462 indulsit
808 3425 880 3462 cura
901 3412 1055 3482 soporem,

241 3499 282 3559 Et
302 3507 368 3560 toto
390 3507 512 3574 versata
526 3506 601 3579 toro
620 3500 685 3580 jam
707 3499 843 3559 membra
866 3499 1050 3579 quiescunt:

223 3589 398 3670 ,Continuo
419 3590 570 3671 templum
592 3590 690 3664 videt,
713 3599 744 3650 et
764 3592 872 3651 violati
894 3593 1030 3652 numinis
1051 3614 1131 3654 aras.

240 3687 280 3745 Hi
303 3694 375 3745 sunt
396 3687 448 3768 qui
471 3673 631 3767 trepidant¹
649 3696 680 3747 et
700 3689 738 3747 ad
760 3689 862 3748 omnia
886 3690 1006 3766 lulgura
1029 3691 1157 3771 pallent,
1176 3743 1178 3746 .
1215 3743 1218 3752 .

238 3785 319 3844 Cum
348 3791 444 3856 tonat,
476 3786 632 3844 exanimes
655 3787 753 3864 primo
775 3807 898 3864 quoque
927 3808 1084 3847 murmure
1111 3789 1202 3847 caeli.

620 3923 655 3931 -
674 3894 724 3944 3⁶26
744 3919 776 3928 —-
