2678 4250
93 167 189 223 reisrs.
205 199 244 208 -
263 168 378 225 porres.
395 199 433 210 -
449 167 621 230 iioernucn.
638 197 677 210 -·
698 185 857 224 oneremus,
874 199 911 208 -
931 166 1081 221 nnireuns

135 578 218 636 351.
238 581 292 636 Du
311 578 405 647 petit
424 579 572 636 nombre
592 580 659 636 des
683 580 825 648 grands
843 579 1026 635 orateurs.

216 796 353 878 (Quanta
368 818 489 879 semper
502 796 599 878 fuerit
612 803 770 858 oratorum
780 795 950 880 paucitas.)

102 1247 106 1264 ι
125 1211 201 1270 Mihi
217 1212 340 1292 quidem
356 1232 566 1292 saepenumero
588 1212 620 1271 in
640 1216 775 1271 summos
795 1212 935 1272 homines
952 1232 986 1270 ae
998 1231 1079 1270 sum·
1094 1215 1150 1277 nh.

89 1309 141 1366 mis
166 1309 300 1386 ingeniis
328 1310 474 1388 praeditos
504 1309 648 1381 intuenti,
670 1309 869 1388 quaerendum
895 1330 958 1368 esse
980 1308 1079 1367 visum

90 1413 130 1463 est
152 1405 227 1486 quid
249 1412 329 1464 esset
351 1426 406 1464 cur
434 1407 536 1485 plures
565 1406 597 1463 in
623 1406 771 1476 'omnibus
800 1406 917 1464 artibus
936 1426 1026 1485 quam
1049 1405 1080 1462 in

88 1500 215 1561 dicendo
230 1501 423 1561 admirabiles
437 1503 635 1561 exstitissent.
648 1503 724 1560 Nam
734 1523 927 1582 quocumque
940 1510 968 1560 te
979 1503 1082 1560 animo

88 1604 115 1655 et
124 1599 308 1676 cogitatione
323 1600 522 1670 converteris
538 1599 707 1679 permultos
721 1599 902 1657 excellentes
913 1600 943 1658 in
959 1618 1082 1678 quoque

88 1715 193 1770 genere
210 1693 329 1754 videbis
347 1717 409 1754 non
435 1696 636 1754 mediocrium
660 1696 770 1754 artium
798 1695 850 1754 sed
871 1716 967 1775 prope
988 1695 1082 1754 maxi-

87 1812 213 1852 marum.
231 1792 305 1859 Quis
318 1793 398 1850 enim
414 1793 534 1872 estqui,
551 1793 575 1850 si
589 1793 908 1851 clarorumhominum
924 1791 1081 1851 scientiam

88 1909 185 1947 rerum
201 1896 355 1966 gestarum
370 1889 417 1947 vel
434 1890 566 1948 utilitate
584 1889 633 1947 vel
655 1889 865 1966 magnitudine
879 1889 980 1948 metiri
995 1889 1081 1960 velit,

89 2005 146 2043 non
162 1994 330 2066 anteponat
346 1988 460 2044 oratori
488 1987 726 2066 imperatorem?
742 1986 815 2052 Quis
835 1995 936 2045 autem
961 1985 1084 2044 dubitet

88 2083 159 2160 quin
184 2083 257 2142 belli
286 2082 380 2142 duces
407 2105 444 2142 ex
476 2083 532 2142 hac
567 2103 626 2142 una
654 2083 781 2141 civitate
813 2083 1084 2162 praestantissimos

88 2198 170 2256 paene
185 2179 435 2253 innumerabiles
450 2179 625 2239 indicendo
641 2188 741 2238 autem
754 2180 935 2238 excellentes
949 2181 999 2238 vix
1009 2201 1086 2259 pau·-

88 2295 138 2334 cos
153 2277 291 2355 prolerre
315 2277 495 2357 possimus?
510 2276 577 2335 Jarn
593 2297 666 2335 vero
675 2277 804 2335 consilio
818 2299 852 2336 ac
864 2277 1013 2356 sapientia
1030 2277 1084 2356 qui

86 2392 189 2449 regere
204 2393 239 2432 ac
260 2372 430 2452 gubernare
456 2373 675 2453 rempublicam
701 2374 829 2452 possint,
847 2374 934 2432 multi
966 2381 1083 2446 nostra,

88 2468 189 2546 plures
201 2476 323 2550 patrum
341 2471 488 2529 memoria
501 2477 592 2550 atque
608 2470 699 2528 etiam
724 2471 873 2551 majorum
887 2471 1084 2544 exstiterunt,

86 2566 243 2626 cumboni
261 2566 370 2646 perdiu
391 2567 478 2639 nulli,
502 2567 553 2624 vix
582 2575 681 2625 autern
710 2567 838 2644 singulis
862 2568 1004 2626 aetatibus
1024 2568 1086 2626 sin-

87 2662 148 2736 guli
164 2663 341 2722 tolerabiles
363 2670 499 2721 oratores
526 2663 748 2722 invenirentur.
775 2666 819 2721 Ac
850 2685 887 2722 ne
915 2665 983 2743 quis
1005 2664 1085 2722 sorte

87 2779 158 2817 cum
171 2759 239 2818 aliis
254 2760 376 2830 studim,
396 2779 464 2839 quae
488 2759 654 2818 reconditis
669 2759 700 2816 in
716 2760 833 2818 artibus
852 2768 943 2839 atque
958 2761 989 2818 in
1011 2781 1084 2838 qua·

86 2853 155 2913 dam
177 2857 328 2914 varietate
359 2856 529 2914 litterarum
557 2863 728 2928 versentur,
746 2857 842 2934 magis
864 2857 942 2915 hanc
963 2855 1086 2915 dicendi

85 2952 235 3010 rationem
248 2973 341 3033 quarn
358 2973 426 3011 cum
443 2953 636 3031 imperatoris
661 2953 750 3010 laude
769 2960 899 3012 anteum
914 2954 986 3011 boni
999 2973 1088 3010 sena-

87 3049 162 3106 toris
183 3049 346 3128 prudentia
382 3049 621 3127 comparandam
641 3056 741 3128 putet,
762 3057 922 3108 convertat
950 3050 1106 3108 animum

85 3144 172 3203 adea
193 3145 260 3224 ipsa
281 3146 394 3204 artium
413 3162 525 3222 genera
553 3146 842 3225 circumspiciatque
863 3147 915 3226 qui
932 3147 963 3204 in
978 3147 1014 3204 iis
1031 3147 1087 3203 sso—

86 3242 204 3299 ruerint
216 3262 369 3321 quamque
386 3242 479 3300 multi
498 3261 504 3301 :
520 3242 563 3300 sic
580 3241 722 3300 facillime
742 3249 855 3320 quanta
870 3249 1027 3301 oratorum
1047 3243 1086 3300 sit

85 3359 266 3418 semperque
296 3339 389 3397 luerit
422 3339 560 3418 paucitas
589 3339 752 3419 judicabit.
791 3337 879 3405 Quod
914 3338 972 3396 hoc
994 3338 1085 3399 etiam

86 3435 256 3494 mirabilius
281 3435 375 3494 debet
397 3435 506 3507 videri,
549 3436 619 3515 quia
653 3443 820 3494 ceterarum
846 3436 955 3494 artium
985 3437 1087 3496 studia

86 3533 148 3590 lere
187 3531 357 3590 reconditis
397 3539 488 3611 atquo
537 3532 649 3590 abditis
675 3553 690 3590 e
721 3532 857 3590 fontibus
891 3531 1085 3605 hauriuntur,

85 3628 210 3686 dicendi
232 3636 334 3688 autem
350 3629 451 3686 omnis
467 3629 545 3687 ratio
563 3629 594 3686 in
610 3628 711 3687 medio
724 3629 824 3707 posita
838 3630 994 3687 communi
1011 3650 1088 3709 quo·
1108 3625 1110 3630 ¹

84 3726 158 3784 dam
176 3725 205 3783 in
213 3746 273 3784 usu
290 3733 382 3805 atque
395 3725 426 3782 in
442 3725 602 3784 hominum
621 3745 706 3783 more
726 3732 756 3783 et
780 3745 918 3784 sermone
934 3732 1085 3786 versatur.
1108 3733 1111 3745 '

508 3912 684 3961 -rm--
757 3893 759 3900 ’
