2656 4258
249 181 328 236 133.
349 181 406 238 Un
424 179 663 248 octogenarre
682 181 763 236 tres
783 176 928 247 oeeupe'.

231 281 291 362 (De
312 283 509 366 octogenario
531 283 667 364 quodam
689 281 949 377 occupatissimo.)

129 439 222 499 Mane
235 441 349 499 lectulo
369 442 569 502 continetur:
589 442 664 501 hora
680 441 814 501 secunda
832 442 951 501 calceos
970 441 1093 520 poscit:
1122 440 1161 505 2⁶

8 575 9 618 3
89 536 230 596 ambulat
249 537 332 596 milia
354 557 499 618 passuum
525 539 596 611 tria,
622 559 678 598 nec
706 539 808 597 minus
834 539 969 597 animum
1002 557 1094 617 quam

8 623 9 626 ¹
91 653 207 713 corpus
231 643 364 695 exercet.
389 635 419 692 Si
447 622 560 718 adsunt
584 635 685 707 amici,
711 635 920 694 honestissimi
940 655 1096 692 sermones

88 730 283 809 explicantur
308 750 315 792 2
346 732 371 790 si
396 752 469 804 non,
488 731 567 790 liber
588 732 711 811 legitur.
738 731 857 790 Deinde
888 731 1032 802 considit,
1065 737 1094 788 et

8 813 9 866 3
89 826 167 886 liber
190 849 307 895 rursuS,
341 836 394 887 aut
420 849 520 888 sermo
547 829 627 888 libro
655 829 759 908 potior
786 847 793 888 ε
821 849 893 886 mox
916 827 1093 886 vehiculum

88 922 247 984 ascendit:
264 925 391 1006 assumit
413 946 538 984 uxorem
558 925 727 1002 singularis
743 925 886 1004 exempli,
902 925 950 982 vel
962 923 1095 1001 aliquem

89 1019 270 1093 amicorum,
297 1029 332 1079 ut
355 1041 403 1078 me
425 1023 574 1100 proxime.
597 1022 693 1089 Quam
713 1021 876 1101 pulchrum
897 1020 984 1091 illud,
1002 1040 1094 1099 quam

90 1115 181 1175 dulce
197 1120 366 1177 secretum!
381 1125 532 1198 quantum
548 1119 590 1176 ibi
606 1118 815 1198 antiquitatis!
830 1139 899 1197 quae
911 1117 1001 1187 facta,
1017 1137 1096 1196 quos

90 1212 174 1272 viros
199 1213 305 1272 audias
318 1217 323 1274 l
341 1215 454 1293 quibus
474 1215 637 1294 praeceptis
649 1215 786 1274 imbuare
798 1215 804 1273 l
817 1213 957 1293 quamvis
972 1213 1021 1272 ille
1037 1213 1107 1273 boe÷

90 1310 1095 1390 temperamentummodestiaesuaeindixeritnepraeciperevidea-

91 1413 152 1466 tur.
184 1406 319 1466 Peractis
348 1417 464 1486 septem
489 1408 613 1467 milibus
638 1428 795 1487 passuum,
822 1408 932 1465 iterum
959 1406 1096 1465 ambulat

90 1501 185 1576 mille,
215 1503 327 1562 iterum
359 1505 477 1576 residit,
504 1505 552 1562 vel
580 1526 611 1563 se
642 1504 785 1564 eubiculo
812 1525 847 1563 ac
874 1503 945 1562 stilo
981 1502 1094 1562 reddit.

90 1599 205 1658 Scribit
218 1601 310 1673 enim,
330 1609 360 1660 et
382 1601 506 1680 quidem
523 1609 651 1680 utraque
664 1601 780 1679 lingua,
796 1600 890 1681 lyrica
905 1599 1093 1659 doctissima.

8 1759 9 1762 ,
92 1695 152 1754 Ubi
175 1695 250 1756 hora
275 1697 388 1756 balinei
417 1698 558 1756 nuntiata
582 1706 638 1769 est,
669 1697 701 1755 in
729 1697 804 1772 sole,
834 1697 859 1755 si
881 1703 963 1755 caret
989 1703 1093 1766 vente,

8 1779 10 1784 ’
91 1791 230 1852 ambulat
242 1793 357 1852 nudus.
377 1793 497 1852 Deinde
517 1802 661 1852 movetur
677 1794 738 1873 pila
757 1794 955 1852 vehementer
973 1800 1004 1850 et
1018 1792 1092 1864 diu;

92 1909 162 1947 nam
187 1887 245 1948 hoc
263 1910 388 1969 quoque
405 1891 633 1950 exercitationis
649 1911 759 1968 genere
776 1896 894 1970 pugnat
905 1909 974 1948 cum
991 1909 1096 1947 senee-

8 2001 10 2006 '
94 1992 171 2047 tute.
186 1986 283 2044 Lotus
297 1985 439 2062 accubat,
453 1994 484 2045 et
499 1987 654 2066 paulisper
671 1986 773 2046 cibum
790 1987 901 2044 differt.
919 1987 1096 2064 Apponitur

91 2102 167 2141 cena
187 2103 250 2140 non
269 2075 379 2144 'minus
402 2083 498 2142 nitida
519 2104 611 2162 quam
634 2083 725 2161 frugi,
746 2083 778 2141 in
801 2089 929 2161 argento
958 2102 1036 2160 puro
1065 2088 1096 2141 et

9 2227 14 2260 3,
89 2179 231 2258 antiquo.
256 2178 336 2238 Sunt
353 2179 385 2237 in
400 2201 457 2238 usu
473 2187 503 2240 et
523 2179 696 2252 Corinthia,
716 2178 829 2259 quibus
843 2178 1024 2250 delectatur,
1039 2198 1095 2236 nec

8 2279 15 2353 ζ
93 2275 241 2335 afficitur.
283 2276 473 2356 Frequenter
514 2277 662 2336 comoedis
700 2297 775 2335 cena
812 2276 1027 2354 distinguitur,
1061 2284 1097 2333 ut

11 2400 16 2429 ι
89 2371 273 2452 voluptates
286 2393 410 2454 quoque
423 2373 533 2432 studiis
549 2373 745 2433 condiantur.
835 2399 838 2409 ¹

141 2558 224 2615 134.
241 2559 296 2614 La
312 2557 469 2627 ,tournee
494 2559 578 2616 d’uu
597 2559 737 2616 homme
756 2560 800 2615 de
815 2559 949 2615 lettres
968 2559 1048 2616 ala

481 2658 698 2716 campagus.

163 2767 335 2848 (Quomodo
356 2767 405 2827 vir
428 2767 541 2828 litteris
563 2745 687 2827 deditus
709 2767 780 2828 ruri
799 2767 895 2828 vitam
915 2768 1032 2851 degat.)

131 2891 256 2970 Evigilo
287 2913 357 2951 cum
381 2891 483 2964 libuit,
510 2892 691 2971 plerumque
719 2892 800 2951 circa
823 2891 929 2950 horam
953 2892 1095 2971 primam,
1122 2895 1163 2958 3θ

9 2980 15 2992 “
94 3009 181 3068 saepe
205 2996 286 3060 ante,
305 2989 425 3048 tardius
448 3007 541 3048 raro:
561 2988 672 3047 elausae
691 2989 842 3048 fenestrae
864 2996 1000 3047 manent.
1017 2989 1096 3047 Mire

87 3087 175 3145 enim
195 3085 319 3144 silentio
338 3093 368 3144 et
383 3086 518 3144 tenebris
538 3085 575 3144 ab
596 3085 633 3143 iis
652 3107 721 3165 quae
739 3092 870 3144 avocant
886 3086 1048 3154 abductus
1065 3093 1096 3145 et

98 3183 168 3242 iber
200 3181 328 3240 etmihi
356 3182 492 3254 relictuS,
522 3203 584 3240 non
608 3183 713 3240 oculos
736 3183 849 3256 animo,
875 3182 927 3240 sed
958 3183 1095 3241 animum

86 3279 188 3338 oeulis
209 3298 331 3358 sequor,
359 3279 412 3358 qui
430 3279 534 3337 eadem
555 3299 623 3358 quae
644 3300 730 3337 mens
753 3279 870 3350 vident,
893 3280 1013 3359 quoties
1033 3301 1095 3338 non

9 3413 10 3422 .
86 3375 201 3434 vident
215 3374 286 3434 alia.
301 3375 424 3452 Cogite,
444 3375 558 3456 siquid
575 3376 606 3433 in
629 3376 781 3447 manibuS,
797 3376 898 3452 cogito
912 3376 950 3434 ad
967 3376 1095 3436 verbum

85 3472 240 3532 scribenti
253 3472 491 3552 emendantique
503 3473 623 3546 similis,
636 3493 719 3531 nunc
732 3473 889 3551 pauciora,
902 3493 984 3530 nunc
995 3473 1094 3552 plura,

85 3578 121 3630 ut
134 3570 188 3628 vel
199 3569 324 3628 difficile
336 3569 385 3627 vel
398 3569 487 3628 facile
500 3570 645 3648 componi
659 3569 797 3628 tenerive
808 3575 987 3648 potuerunt.
1004 3571 1097 3629 Nota-

81 3669 170 3726 rium
190 3685 282 3738 vocO,
302 3673 342 3740 et,
364 3666 413 3725 die
434 3666 577 3738 admisse,
599 3687 668 3746 quae
691 3665 895 3724 formaveram
917 3666 1012 3726 dicto,
1037 3667 1095 3724 Ubi

8 3765 10 3794 f
78 3764 163 3823 hora
191 3769 304 3842 quarta
334 3763 383 3822 vel
408 3760 529 3844 quinta,
557 3771 591 3822 ut
617 3763 683 3822 dies
711 3762 817 3837 suasit,
843 3762 875 3821 in
897 3771 1019 3842 xystum
1049 3785 1096 3821 me

519 3924 660 3976 ..93-
