2682 4258
437 189 561 228 MORALE.
585 203 624 212 --
645 189 830 226 curiosorum

226 453 309 510 500.
333 453 377 508 Se
397 449 567 520 resigner
587 450 612 507 a
629 451 764 508 l’ordre
785 453 851 508 des
870 450 1012 508 choses.

345 626 355 706 ζ
358 625 508 686 Fatorum
530 625 636 686 ordini
654 625 891 706 adsentiamur.)

160 959 249 1017 Hanc
264 958 434 1018 animosam
461 959 610 1017 Demetrii
635 980 741 1018 vocem
759 961 882 1020 audisse
908 983 956 1020 me
969 961 1095 1020 memini
1113 980 1119 1022 :
1137 963 1189 1024 nh.

119 1081 133 1108 (ι
147 1056 216 1114 Ηοο
227 1075 334 1124 unum,
346 1055 459 1134 inquit,
470 1055 507 1114 de
520 1056 615 1124 vobis,
627 1050 657 1114 di
670 1056 869 1130 immortales,
883 1060 968 1139 queri
980 1079 1105 1138 possum
1116 1123 1121 1142 ⁸

120 1152 206 1230 quod
229 1171 292 1210 non
320 1159 390 1210 unte
410 1152 487 1210 mihi
505 1153 695 1210 veluntatem
714 1161 849 1212 vestram
873 1162 977 1214 notam
994 1155 1120 1215 lecistis.

121 1249 213 1306 Prior
222 1249 304 1306 enim
314 1248 352 1307 ad
368 1249 426 1307 ista
441 1249 604 1320 venissem,
622 1249 659 1307 ad
676 1270 754 1328 quae
766 1271 848 1308 nunc
863 1251 1120 1309 vocatusadsum.

118 1341 223 1404 Vultis
241 1344 353 1402 liberos
368 1345 515 1403 sumere?
535 1345 623 1402 vobis
645 1345 715 1403 illos
729 1346 850 1406 sustuli.
872 1346 975 1406 Vultis
987 1347 1122 1426 aliquam

119 1450 238 1520 partem
253 1441 416 1520 corporis?
432 1441 554 1499 sumite.
567 1442 636 1499 Non
647 1462 788 1519 magnam
802 1443 1035 1521 rempromitt0.
1051 1442 1123 1501 Cito

119 1521 230 1596 lotum
240 1517 423 1617 relintiuam.
441 1537 542 1595 Vultis
556 1538 700 1616 spiritum
711 1539 725 1596 ‘3
736 1538 865 1615 quidni?
876 1540 991 1597 nullam
1005 1559 1122 1598 moram

122 1635 245 1705 faciam,
259 1654 320 1713 quo
332 1635 432 1692 minus
448 1633 602 1712 recipiatis
614 1633 696 1714 quod
712 1633 850 1695 dedistis
864 1639 891 1694 A
910 1635 1032 1694 volente
1045 1634 1123 1694 lere-

122 1731 161 1789 tis
175 1729 327 1809 quidquid
338 1729 500 1808 petieritis
524 1729 603 1796 Quid
629 1750 700 1807 ergo
725 1733 795 1790 est?
816 1731 992 1790 maluissem
1014 1733 1124 1790 ollerre
1173 1775 1178 1782 ι

119 1846 214 1906 quam
228 1826 359 1884 tradere.
375 1825 455 1892 Quid
471 1847 548 1904 opus
565 1826 624 1884 luit
639 1827 788 1886 auferre?
807 1827 947 1907 accipere
966 1828 1122 1906 potuistis.

119 1924 181 1983 Sed
207 1925 246 1980 n'e
279 1943 360 1980 nunc
384 1922 507 2001 quidem
537 1923 692 1992 auferetis
723 1923 795 2003 quia
816 1924 891 1981 nihil
909 1925 1040 2002 eripitur
1066 1923 1124 1982 nisi

121 2018 278 2079 retinenti.
297 2017 381 2076 Nihil
396 2038 499 2096 cogor,
518 2018 593 2076 nihil
609 2020 709 2097 patior
723 2020 849 2092 invitus,
867 2040 923 2079 nec
938 2022 1038 2078 servio
1053 2019 1123 2092 dec,

120 2117 175 2176 sed
189 2115 368 2174 adsentior:
386 2114 560 2193 ecquidem
578 2117 674 2192 magis
688 2116 770 2194 quod
795 2117 859 2175 scio
878 2117 981 2175 omnia
997 2124 1079 2174 certa
1094 2123 1125 2174 et

121 2215 152 2271 in
168 2218 329 2271 aeternum
358 2211 439 2270 dicta
454 2211 520 2289 lege
544 2211 717 2273 decurrere.
740 2237 754 2268 u
774 2213 847 2272 Fata
867 2234 923 2272 nos
940 2213 1068 2282 ducunt,
1095 2221 1127 2272 et

121 2315 275 2390 quantum
296 2308 407 2387 cuique
435 2308 584 2387 temporis
609 2316 705 2368 restat
722 2309 820 2387 prima
839 2309 1030 2369 nascentium
1051 2310 1125 2369 hora

123 2403 291 2484 disposuit.
323 2403 422 2462 Causa
438 2403 553 2483 pendet
579 2425 617 2463 ex
646 2423 748 2462 causa.
776 2405 899 2464 Privata
932 2425 968 2463 ac
1002 2405 1125 2484 publica

124 2503 235 2579 longus
246 2499 321 2558 ordo
338 2520 440 2558 rerum
461 2499 577 2558 trahit:
600 2500 669 2558 ideo
691 2500 813 2559 fortiter
834 2522 925 2560 omne
946 2503 1126 2581 patiendum

124 2606 182 2666 est,
202 2596 361 2676 quianon,
389 2601 424 2654 ut
445 2603 600 2672 putamus
615 2595 757 2654 incidunt
774 2605 895 2672 cuncta,
913 2597 965 2656 sed
983 2598 1124 2657 veniunt.

124 2695 206 2754 Olim
223 2693 427 2751 constitutum
442 2698 489 2750 est
503 2691 578 2770 quid
593 2692 737 2769 gaudeas,
755 2693 828 2771 quid
841 2694 924 2767 fleas
942 2702 973 2753 et
986 2695 1127 2774 quamvis

125 2783 236 2867 magna
276 2788 417 2848 videatur
451 2788 599 2847 varietate
635 2787 826 2866 singulorum
859 2790 924 2848 vita
966 2791 1125 2868 distingui,

126 2886 291 2946 summain
307 2881 403 2943 unum
422 2884 508 2944 venit
527 2903 533 2945 :
551 2885 720 2964 accipimus
740 2885 874 2965 peritura
892 2887 1030 2965 perituri.
1045 2887 1126 2954 Quid

125 2985 232 3062 itaque
247 2981 446 3058 indignamur
456 2981 470 3038 l
480 2981 554 3060 quid
570 2982 753 3060 querimur?
764 2982 801 3039 ad
821 2983 880 3041 hoc
895 2983 995 3061 parati
1009 3004 1126 3042 sumus,

129 3079 243 3137 Utatur
258 3083 292 3135 ut
306 3077 374 3135 vult
385 3077 448 3134 suis
464 3085 571 3135 natura
589 3076 770 3156 corporibus
784 3095 790 3136 :
808 3099 864 3136 nos
876 3077 948 3136 laeli
966 3078 1003 3137 ad
1024 3079 1128 3138 omnia

127 3182 159 3234 et
174 3175 268 3232 sortes
281 3173 452 3250 cogitemus
475 3173 549 3230 nihil
567 3173 667 3252 perire
687 3173 723 3232 de
747 3181 864 3233 nostre.
887 3175 966 3240 Quid
988 3182 1034 3233 est
1055 3175 1127 3234 boni

129 3270 209 3327 viri?
224 3268 371 3348 praebere
387 3269 505 3328 seluto.
524 3267 647 3328 Grande
669 3269 815 3328 solacium
834 3278 881 3328 est
895 3291 965 3328 cum
984 3271 1129 3331 universo

129 3366 208 3446 rapi.
