2656 4258
363 121 449 179 208.
468 122 539 178 Les
558 121 627 178 tles
646 119 850 178 flottantes.

325 223 463 306 (Insulae
485 232 626 286 natantes
647 222 894 306 describuntur.)

7 429 8 432 ,
146 365 181 425 ln
209 361 279 425 lacu
305 364 486 425 Vadimonis
510 365 594 424 nulla
617 365 705 425 navis
730 365 825 446 (sacer
850 365 931 425 enim
957 365 1024 446 est),
1056 365 1109 425 sed
1121 367 1177 424 bb.

7 455 8 490 ³
107 461 249 522 innatant
282 462 402 534 insulae,
439 461 575 522 herbidas
610 483 716 521 omnes
751 462 901 522 arundine
936 470 966 523 et
998 463 1118 544 junco,

106 579 236 638 quaeque
251 558 310 618 alia
325 558 486 618 secundior
507 559 594 639 palus
613 559 741 639 ipsaque
760 558 812 618 illa
832 560 1008 619 extremitas
1025 559 1110 618 lacus

107 657 203 716 effert.
227 655 288 715 Sua
306 647 417 736 cuique
435 655 543 734 figura,
560 662 595 714 ut
613 655 741 727 modus;
763 655 882 714 cunctis
901 673 1008 733 margo
1023 656 1112 714 dera-

106 773 167 825 sus,
197 751 279 832 quia,
310 751 488 832 frequenter
515 752 565 811 vel
600 751 683 811 litori
716 751 766 811 vel
792 751 851 810 sibi
878 752 976 824 illisae,
1008 759 1113 812 terunt

106 853 319 929 terunturque.
345 848 406 908 Par
427 849 570 908 omnibus
592 848 735 920 altitudo,
761 868 819 928 par
837 834 970 928 levitas:
995 849 1111 930 quippe

106 945 281 1025 inspeciem
295 945 407 1004 carinae
421 944 531 1004 humili
546 945 647 1004 radice
663 944 865 1005 descendunt.
887 945 961 1004 llaec
976 946 1013 1004 ab
1027 945 1111 1005 omni

106 1042 201 1102 latere
219 1041 413 1122 perspicitur,
438 1042 607 1122 eademque
631 1061 779 1120 suspensa
805 1042 921 1121 pariter
941 1049 972 1101 et
998 1061 1108 1101 mersa.

7 1127 8 1196 ζ
105 1139 265 1198 Interdum
282 1139 399 1218 junctae
419 1139 633 1219 copulataeque
651 1145 682 1198 st
703 1137 874 1198 continenti
894 1138 1008 1198 similes
1025 1127 1108 1213 sunt,

7 1245 9 1320 j
105 1235 260 1294 interdum
278 1234 525 1295 discordantibus
545 1235 647 1294 ventis
666 1233 860 1312 digeruntur,
877 1255 1110 1315 nonnumquam

103 1331 663 1412 destitutae,tranquillitate,singulae
693 1331 826 1391 fluitant.
857 1331 945 1412 Saepe
975 1331 1110 1390 minores

104 1427 287 1509 majoribus,
311 1428 397 1487 velut
419 1427 571 1507 cymbulae
593 1428 750 1500 onerariis,
775 1428 1001 1502 adhaerescunt,
1029 1448 1111 1508 saepe

104 1525 188 1584 inter
206 1545 238 1584 se
258 1524 391 1604 majores
417 1525 612 1604 minoresque
635 1524 721 1606 quasi
745 1546 869 1585 cursum
893 1532 1111 1605 certamenque

105 1622 288 1694 desumunt;
305 1641 413 1680 rursus
428 1632 536 1680 'omnes
556 1621 588 1679 in
600 1619 745 1680 'eumdem
764 1621 866 1681 locum
885 1623 1034 1702 appulsae,
1050 1643 1110 1702 qua

104 1724 269 1786 steterunt,
298 1719 635 1798 promovent'terram,
663 1725 694 1776 et
718 1715 810 1776 modo
836 1718 905 1792 hac,
939 1719 1032 1777 modo
1059 1718 1111 1778 illa

104 1814 207 1874 lacum
216 1814 352 1874 reddunt
366 1814 587 1894 auferuntque;
605 1835 640 1873 ac
654 1823 719 1874 tum
735 1811 870 1886 demum,
890 1835 963 1874 cum
976 1815 1111 1874 medium

103 1918 244 1985 tenuere,
257 1931 318 1970 uon
329 1911 529 1971 contrahunt.
546 1911 677 1970 Constat
686 1931 807 1990 pecora,
819 1911 932 1970 herhas
943 1919 1057 1983 secuta,
1067 1912 1112 1971 sic

7 2063 8 2072 ,
103 2007 136 2066 in
154 2007 269 2067 insulas
290 2007 367 2081 illas,
388 2007 472 2066 utin
494 2008 660 2067 extremam
681 2008 789 2086 ripam,
812 2005 1109 2087 procedere‘solere,

103 2124 164 2163 uec
185 2104 270 2183 prius
291 2103 469 2181 intellegere
490 2103 603 2162 mobile
621 2103 731 2175 solum,
749 2100 946 2182 quamlitori
970 2105 1109 2184 abrepta,

103 2201 194 2280 quasi
226 2199 310 2260 illata
346 2206 375 2259 et
410 2201 554 2280 imposita
583 2201 805 2259 circumfusum
840 2200 976 2282 undique
1010 2201 1123 2260 lacum·

102 2304 254 2378 paveant;
280 2317 353 2357 mox
374 2317 435 2378 quo
457 2298 563 2355 tulerit
584 2305 695 2356 ventus
721 2295 851 2376 egressa,
876 2316 938 2356 non
962 2297 1058 2376 magis
1079 2317 1112 2358 se

102 2393 301 2453 descendisse
316 2394 440 2467 sentire,
458 2415 550 2474 quam
564 2394 715 2453 senserint
729 2393 911 2455 ascendisse.

317 2577 401 2636 209.
421 2581 475 2636 La
494 2535 692 2638 souroedu
711 2535 899 2638 clitumne.

429 2683 487 2763 (De
510 2682 665 2744 Clitumni
683 2683 793 2765 fonte.)

144 2813 297 2874 Vidistine
310 2801 476 2895 aliquando
495 2801 686 2875 Clitumnum
708 2817 849 2876 sontem?
865 2817 897 2890 Si
912 2815 1051 2878 nondum
1066 2816 1109 2897 (et
1120 2805 1175 2877 ltb.

103 2917 183 2990 puto
204 2911 366 2978 nondum:
393 2912 505 2991 alioqui
530 2933 683 2972 narrasses
707 2912 803 2988 mihi),
825 2912 913 2981 vide;
930 2921 1024 2993 'quem'
1053 2933 1109 2992 ego

103 3007 246 3087 (paenitet
266 3006 432 3088 tarditatis)
452 3009 589 3088 proxime
609 3008 681 3069 vidi.
704 2993 845 3068 Modicus
861 3008 947 3068 collis
967 3010 1108 3087 assurgit,

103 3103 231 3184 antiqua
248 3093 398 3185 cupressu.
419 3114 646 3170 nemorosuset
665 3127 790 3185 opacus,
812 3107 904 3164 Hunc
922 3106 1027 3165 subter
1041 3107 1111 3166 fons

101 3201 182 3271 exit,
200 3207 231 3259 et
248 3201 438 3280 exprimitur,
449 3201 588 3282 pluribus
611 3190 714 3275 venis,
724 3187 776 3260 sed
791 3202 977 3282 imparibus;
998 3202 1112 3262 elucta-

100 3304 218 3375 tusque
232 3288 323 3377 quenl
344 3297 418 3358 facit
432 3299 594 3378 gurgitem,
609 3299 672 3374 lato
691 3299 807 3377 gremio
826 3299 955 3378 patescit
973 3321 1068 3378 purus
1082 3308 1113 3358 et

101 3395 234 3466 vitreuS,
258 3399 293 3462 ut
314 3382 475 3462 numerare
493 3395 591 3476 jactas
616 3381 711 3476 stipes
733 3402 764 3454 et
783 3395 954 3454 relucentes
978 3397 1111 3456 calculos

98 3489 215 3570 possis.
243 3489 319 3566 Inde
344 3487 407 3551 non
423 3491 492 3558 ¹loci
516 3483 699 3566 devexitate,
725 3491 778 3550 sed
800 3491 865 3572 ipsa
894 3492 940 3551 sui
967 3494 1055 3573 copia
1081 3502 1112 3553 et

97 3579 339 3667 quasipondere
352 3578 529 3668 impellitur.
546 3589 627 3648 Fons
644 3589 754 3661 adhuc,
771 3587 875 3669 etjam
889 3576 1121 3671 amplissimum¹
1199 3659 1202 3662 ,

95 3685 233 3754 flumen,
255 3673 349 3766 atque
363 3673 458 3744 *etiam
472 3671 601 3745 'navium
616 3685 747 3766 patiens,
769 3705 844 3766 quas
862 3685 968 3745 obvias
988 3708 1113 3768 quoque

195 3789 237 3830 Vis
243 3790 324 3842 priate
336 3789 374 3832 des
385 3791 504 3834 Romaim.
621 3795 625 3800 '
925 3797 928 3800 ·
1006 3793 1032 3833 10
1072 3813 1073 3821 1

536 3892 572 3911 2
591 3861 642 3924 us
659 3892 701 3912 -⁴-
