2678 4250
310 171 382 208 Luna
404 171 455 208 DES
476 172 646 224 BATIMENTS,
669 173 705 210 DE
726 172 761 210 LA
782 171 881 222 Tanta,
905 171 941 210 ΒΕ
962 171 997 208 ta
1019 149 1130 208 annuns

218 281 274 341 tris
290 269 390 341 servit
398 303 433 341 ac
444 275 592 362 subjacet,
610 282 739 362 strepitu
755 263 884 362 visuqiie
893 280 1073 362 jucundam.
1091 281 1168 340 Nam
1180 302 1218 339 ex

217 378 302 440 edito
317 378 463 438 desiliens
480 385 722 459 aqua,suscepta
743 377 1050 450 marmore,albescit.
1074 376 1217 436 Cohaeret

217 473 442 556 hypocauston,
472 483 513 548 et,
542 475 567 534 si
594 475 660 534 dies
685 475 820 548 nubilus,
842 475 979 533 immisso
1003 494 1117 554 vapore
1144 473 1220 532 solis

217 572 317 630 vicem
343 571 476 651 supplet.
501 571 575 631 Inde
591 550 805 652 apodyterinm
821 570 933 630 balinei
956 570 1059 630 laxum
1075 576 1105 628 et
1119 569 1220 629 hilare

216 667 332 747 excipit
341 667 416 728 cella
432 667 598 746 frigidaria,
614 668 645 727 in
667 688 726 748 qua
740 667 956 748 baptisterium
968 666 1106 747 amplum
1122 674 1220 747 atque

215 785 358 844 opacum.
378 765 410 823 Si
426 772 532 824 natare
552 763 644 823 latius
659 771 713 823 aut
726 764 861 844 tepidius
872 764 960 835 velis,
976 763 1006 822 in
1018 784 1087 823 area
1099 763 1219 844 piscina

215 867 272 932 cst,
289 861 321 920 in
331 862 472 942 proximo
490 868 611 941 puteus,
626 881 664 920 ex
687 882 749 941 quo
776 861 874 941 possis
893 882 998 920 rursus
1013 860 1172 938 adstringi,
1191 859 1219 918 si

215 959 372 1036 paeniteat
389 954 515 1038 teporis.
535 957 715 1036 Frigidariae
741 958 825 1017 cellae
845 958 1018 1017 conectitur
1038 956 1149 1028 media,
1166 957 1219 1015 cui

214 1055 259 1113 sol
282 1054 501 1132 benignissime
526 1039 638 1134 praesto
656 1062 718 1130 est;
749 1054 892 1114 caldariae
916 1055 1032 1133 magis:
1060 1053 1219 1133 prominet

214 1151 311 1214 enim.
334 1151 370 1210 ln
386 1150 443 1210 hac
458 1157 520 1210 tres
534 1150 749 1232 descensiones
767 1167 773 1211 :
789 1151 859 1210 duae
874 1151 906 1209 in
923 1152 997 1222 sole,
1019 1150 1109 1210 tertia
1122 1170 1139 1209 a
1152 1149 1221 1208 sole

214 1248 348 1326 longius,
366 1249 464 1307 aluce
485 1267 546 1306 non
561 1247 694 1326 longius
711 1247 903 1328 Apodyterio
924 1247 1152 1328 superpositum
1169 1253 1220 1304 est

214 1343 468 1423 sphaeristerium,
485 1344 568 1424 quod
583 1343 671 1424 plura
686 1363 797 1424 genera
808 1345 1036 1404 exercitationis
1050 1342 1222 1425 pluresque

214 1441 345 1500 circulos
359 1441 453 1521 capit.

285 1617 369 1677 261.
385 1619 458 1674 Les
471 1619 679 1676 ornament·
696 1619 801 1678 d’une
813 1618 957 1690 maison
969 1618 1143 1675 romatne.

265 1711 393 1792 (Qualia
416 1712 537 1794 fuerin-t
561 1734 762 1776 romanarum
784 1713 933 1786 domnum
957 1712 1164 1794 ornamenta.)

133 1841 188 1896 ah.
256 1835 346 1899 Nunc
360 1837 392 1894 in
406 1836 548 1896 domibus
563 1838 632 1896 aerei
646 1845 804 1917 ponuntur
818 1837 920 1917 clipei,
938 1845 1090 1916 argenteae
1105 1837 1201 1896 facies

215 1933 309 1992 surdo
334 1933 498 2010 figurarum
517 1933 711 2009 discrimine3
727 1940 895 1993 statuarum
920 1921 1021 2014 capita
1038 1940 1223 2013 permutan—

214 2036 291 2090 tur:
317 2030 393 2088 adeo
429 2030 584 2089 materiam
615 2030 733 2089 malunt
767 2031 904 2110 conspici
929 2051 1035 2090 omnes
1068 2051 1159 2110 quam
1184 2052 1223 2090 se

213 2126 312 2186 nosci.
331 2127 369 2184 Et
391 2127 472 2184 inter
499 2125 564 2184 haec
592 2126 808 2206 pinacothecas
835 2128 990 2187 veteribus
1011 2127 1124 2186 tabulis
1143 2148 1222 2186 con-

214 2231 320 2296 suunt,
340 2223 514 2302 alienasque
530 2224 643 2300 effigies
662 2224 779 2295 colunt,
800 2224 859 2302 ipsi
877 2223 1025 2284 honorem
1041 2223 1166 2282 nonnisi
1184 2225 1220 2282 in

213 2319 313 2397 pretio
328 2319 487 2390 ducentes,
513 2327 546 2378 ut
569 2320 688 2398 frangat
710 2321 807 2391 heres,
825 2321 914 2380 furve
929 2319 1080 2380 detrabat.
1108 2321 1222 2400 ltaque

213 2414 327 2474 nullius
339 2415 438 2493 effigie
454 2417 587 2488 vivente,
604 2417 752 2494 imagines
777 2417 927 2497 pecuniae,
944 2438 1008 2476 non
1026 2437 1105 2489 suaS,
1121 2417 1222 2476 relin-

212 2519 324 2590 quunt.
344 2511 438 2571 lidem
454 2513 611 2592 palaestras
624 2513 808 2574 athletarum
818 2513 1004 2591 imaginibus
1016 2521 1047 2572 et
1061 2521 1220 2573 ceromata

212 2627 267 2666 sua
280 2616 440 2681 exornant,
451 2617 483 2669 et
497 2610 600 2669 vultus
614 2593 737 2689 Epicuri
748 2631 803 2690 per
814 2609 956 2670 cubicula
972 2617 1094 2689 gestant
1108 2629 1144 2668 ac
1155 2610 1222 2669 cir·

213 2705 390 2764 cumlerunt
404 2725 519 2766 secum.
533 2707 641 2765 Aliter
656 2707 738 2785 apud
753 2707 884 2788 majores
900 2707 931 2765 in
946 2706 1032 2766 atriis
1047 2705 1113 2764 haec
1128 2714 1220 2766 erant

213 2821 282 2879 quae
306 2809 530 2881 spectarentur,
547 2807 608 2861 non
635 2805 720 2880 signa
743 2810 940 2863 externorum
968 2803 1132 2876 artificum,
1158 2823 1223 2862 nec

212 2917 270 2956 aera
287 2905 341 2956 aut
364 2918 516 2958 marmora
533 2917 539 2960 :
556 2899 689 2979 expressi
714 2919 783 2959 cera
799 2900 905 2958 vultus
927 2899 1055 2979 singulis
1070 2899 1223 2979 dispone-

212 2993 326 3052 bantur
352 2996 500 3068 armariis,
529 3003 564 3054 ut
588 3003 691 3054 essent
716 2996 864 3076 imagines
894 3017 962 3076 quae
991 2995 1221 3055 comitarentur

211 3089 368 3166 gentilicia
390 3092 508 3151 lunera.
535 3093 702 3155 Stemmata
731 3114 804 3152 vero
830 3093 918 3151 lineis
944 3092 1157 3152 discurrebant
1175 3093 1220 3151 ad

212 3186 361 3264 imagines
376 3189 483 3268 pictas.
500 3189 628 3248 Tablina
649 3190 808 3250 codicibus
822 3189 1039 3270 implebantur,
1058 3197 1089 3249 et
1106 3209 1222 3248 monu-

212 3284 324 3342 mentis
340 3305 441 3343 rerum
457 3286 487 3342 in
504 3285 684 3366 magistratu
707 3294 873 3364 gestarum.
891 3287 968 3346 Aliae
989 3286 1061 3345 loris
1082 3293 1112 3344 et
1132 3285 1221 3346 circa.

213 3377 318 3438 limina
331 3380 516 3440 domitarum
532 3383 670 3460 gentium
686 3383 835 3461 imagines
849 3390 946 3455 erant,
965 3381 1220 3451 affixishostium

211 3474 318 3554 spoliis
337 3497 405 3555 quae
421 3499 477 3537 nec
497 3480 627 3558 emptori
642 3479 769 3558 refigere
784 3479 899 3552 liceret,
919 3479 1222 3558 triumphabantque

212 3571 303 3630 etiam
320 3571 453 3632 dominis
468 3577 593 3634 mutatis
608 3576 683 3655 ipsae
707 3576 817 3634 domus
840 3593 847 3636 :
865 3582 895 3634 et
910 3583 975 3634 erat
994 3575 1059 3634 haec
1073 3576 1218 3636 stimula-

212 3668 255 3726 tio
272 3668 390 3745 ingens,
403 3671 660 3749 exprobrantibus
674 3673 762 3730 tectis
781 3672 920 3752 quotidie
942 3671 1095 3731 imbellem
1114 3672 1220 3732 domi-

212 3783 284 3821 num
299 3764 413 3823 intrare
431 3766 462 3823 in
478 3766 611 3825 alienum
625 3768 827 3847 triumphum.

634 3891 791 3944 -na-
