2670 4252
285 153 342 209 59.
358 152 614 222 L'iudulgence
631 163 676 206 en
691 151 896 207 education.
984 213 988 222 ,

229 255 288 338 (De
302 254 500 336 indulpeutia
516 254 599 314 circa
615 254 791 314 educandos
809 253 949 335 liberos.)

128 416 221 476 Meus
243 415 338 474 lrater
359 435 486 473 uxorem
508 413 611 486 duxit;
636 414 699 472 nati
722 413 774 472 filii
858 417 859 422 ’

124 513 211 572 Duo.
234 513 309 570 Inde
331 533 387 590 ego
410 511 491 569 bunc
512 512 660 590 majorem
684 510 828 590 adoptavi
851 510 936 583 mibi,

124 609 229 667 Eduxi
251 630 267 667 a
290 609 437 688 parvulo;
462 608 565 678 habui,
590 607 689 666 amavi
711 629 766 687 pro
789 628 868 666 meo,

123 705 182 764 llle
204 713 240 764 ut
262 705 334 763 item
357 713 463 763 contra
486 695 534 762 nie
557 705 666 762 lrabeat
702 704 781 762 lacio
805 703 926 778 sedul0;

126 803 187 874 De,
206 793 427 882 praetermitt03
451 822 513 860 non
535 815 659 860 necesse
681 801 778 860 liabeo
800 800 902 859 omnia

123 900 187 958 Pro
209 919 278 957 meo
297 898 368 977 jure
390 919 490 976 agere,
515 899 555 956 ita
579 906 612 956 ut
634 898 685 957 ille
707 919 755 956 mc
776 897 854 955 celet
875 896 976 958 nihil:

121 995 204 1054 Nam
228 996 280 1075 qui
302 994 425 1054 mentiri
448 1002 500 1053 aut
522 995 627 1054 lallere
649 996 780 1053 insuerit
800 1002 919 1074 patrem

121 1093 265 1152 Audebit
286 1100 372 1151 tanto
394 1092 491 1170 magis
512 1092 658 1150 audacter
679 1100 808 1152 ceteros

127 1189 253 1248 Pudore
276 1198 306 1247 et
328 1189 510 1248 liberalitate
533 1189 645 1247 liberos

127 1287 278 1345 Retinere
299 1287 395 1344 satius
417 1307 482 1344 csse
504 1287 595 1344 credo
617 1307 707 1365 quam
731 1293 826 1346 metu.

123 1385 202 1442 Haec
219 1383 307 1442 fratri
329 1403 448 1440 mecum
472 1403 532 1440 non
556 1384 757 1455 conveniunt,
782 1404 881 1462 neque
903 1382 1036 1461 placent.

120 1481 220 1539 Venit
240 1480 278 1538 ad
301 1501 350 1538 me
372 1500 453 1558 saepe
476 1479 660 1538 clamitans:
686 1505 699 1535 a
724 1479 815 1551 Quid,
840 1480 960 1538 Micio?

120 1577 191 1636 Cur
212 1576 318 1656 perdis
339 1576 579 1648 adulescentem,
603 1585 634 1634 et
655 1585 797 1656 sumptus
820 1577 982 1654 suggeris?

120 1674 248 1732 Vestitu
271 1673 399 1730 nimium
423 1673 579 1750 indulges;
604 1673 731 1730 nimium
755 1673 878 1751 ineptus
899 1693 941 1731 es,
968 1697 982 1726 »

120 1771 264 1828 Nimium
292 1769 357 1848 ipse
380 1777 426 1827 est
448 1770 542 1827 durus
565 1777 676 1848 praeter
702 1753 939 1850 aequumque'et
960 1769 1088 1841 bonum,

122 1869 164 1926 Et
185 1874 268 1924 errat
283 1867 383 1943 louge,
409 1887 475 1924 mea
499 1865 623 1945 quidem
647 1867 809 1936 sententia,

118 1965 185 2032 Qui
208 1964 371 2042 imperium
394 1963 500 2021 credat
522 1963 645 2040 gravius
667 1983 732 2020 esse
755 1970 808 2021 aut
829 1962 980 2034 stabilius,

120 2061 162 2118 Vi
185 2060 267 2138 quod
292 2061 336 2132 fit,
361 2080 452 2140 quam
475 2059 550 2117 illud
573 2060 655 2138 quod
679 2060 812 2118 amicitia
835 2059 1023 2138 adjungitur.
1047 2085 1049 2090 ·

123 2157 198 2216 Mea
221 2158 265 2214 sic
287 2165 333 2215 est
355 2157 444 2228 ratio,
469 2163 499 2213 et
521 2157 564 2213 sic
587 2157 721 2213 animum
745 2155 859 2214 induco
881 2176 1007 2214 meum:

122 2253 210 2313 Malo
233 2260 358 2311 coactus
380 2253 432 2333 qui
455 2273 543 2310 suum
568 2253 701 2310 officium
726 2253 810 2326 lacit,

122 2352 207 2408 Dum
230 2349 260 2406 id
283 2350 428 2407 rescitum
451 2349 488 2406 iri
509 2348 617 2420 credit,
643 2349 793 2427 tantisper
809 2355 918 2428 pavet;

122 2447 158 2506 Si
182 2454 286 2526 sperat
307 2445 372 2503 lore
394 2445 484 2518 clam,
509 2455 629 2502 rursum
652 2445 689 2502 ad
713 2445 869 2522 ingenium
892 2444 982 2506 redit.

217 2693 277 2749 60.
293 2690 529 2778 L’e'ducation
545 2693 611 2748 des
623 2691 755 2760 leuues
770 2692 957 2750 Romalns.

137 2804 311 2887 (Quomodo
326 2803 455 2865 educari
471 2803 555 2885 apud
572 2805 728 2864 lienteum
739 2804 835 2885 pueri
849 2805 937 2864 soliti
949 2805 1037 2887 sint.)
1116 2890 1119 2894 .

156 2963 280 3024 Pridem
304 2985 376 3022 suus
388 2964 499 3043 cuique
515 2964 605 3036 filius,
622 2984 657 3021 ex
671 2971 755 3022 casta
772 2971 897 3043 parente
911 2972 1011 3032 natus
1029 2985 1089 3023 non
1106 2973 1146 3037 2⁰

85 3081 116 3119 111
137 3059 213 3119 cella
230 3068 341 3140 emptae
359 3060 498 3132 nutricis,
518 3060 570 3118 sed
588 3061 705 3140 gremio
724 3081 758 3118 ac
776 3061 844 3119 sinu
858 3063 964 3119 matris
981 3062 1093 3120 educa-

86 3161 190 3227 batur,
204 3157 293 3236 cujus
310 3158 464 3236 praecipua
487 3158 552 3214 laus
576 3165 640 3215 erat
658 3157 735 3214 tueri
756 3157 881 3215 domum
898 3165 928 3216 et
943 3159 1092 3217 inservire

86 3254 203 3314 liberis,
232 3253 408 3332 Eligebatur
430 3262 532 3312 autem
556 3253 658 3332 aliqua
685 3255 784 3332 major
812 3261 884 3312 natu
905 3256 1090 3336 propinqua,

88 3351 183 3431 cujus
200 3350 336 3428 probatis
352 3352 559 3429 spectatisque
579 3350 715 3408 moribus
730 3351 829 3408 onmis
850 3351 987 3430 ejusdem
1004 3353 1091 3412 lami-

86 3447 136 3506 liae
166 3447 287 3505 suboles
310 3437 566 3515 contunderetur,
589 3467 691 3505 coram
713 3468 772 3525 qua
796 3467 896 3526 neque
921 3449 1022 3508 dicere
1048 3451 1093 3508 las

86 3551 155 3602 erat
168 3543 247 3621 quod
262 3552 350 3622 turpe
363 3543 458 3614 dictu,
473 3564 571 3623 neque
584 3544 682 3602 lacere
699 3544 781 3623 quod
797 3544 994 3603 inhonestum
1009 3547 1090 3604 lactu

86 3639 253 3699 videretur.
274 3643 319 3698 Α1
339 3659 399 3698 non
415 3639 517 3698 studia
533 3641 624 3697 modo
644 3660 805 3719 curasque,
823 3641 876 3698 sed
897 3643 1091 3701 remissiones

85 3739 183 3795 etiam
198 3736 342 3816 lususque
354 3758 517 3816 puerorum
530 3737 691 3795 sanctitate
707 3735 838 3816 quadam
856 3759 890 3796 ae
906 3741 1091 3798 verecundia

520 3880 657 3938 ..41-
