2678 4250
230 150 425 189 nuncu-Aur&
451 165 489 174 -·
510 135 659 192 ME'DEclrts.
682 167 720 176 -
736 152 878 190 AVOCATS.
899 167 938 174 -·
959 149 1153 188 Pnorssssut'ns

201 281 269 339 quae
296 281 331 318 ex
356 247 435 322 veris
463 263 553 331 rebus
581 263 781 321 sumebantur
803 261 952 341 exempla,
978 281 1060 320 nunc
1084 259 1201 339 iniquis

200 357 337 415 moribus
363 358 587 438 improbantur.
611 360 687 418 Nam
710 360 879 438 pinguntur
900 358 1036 417 tectoriis
1061 363 1200 417 monstra

201 454 306 532 potius
323 475 414 533 quam
434 476 470 514 ex
486 455 577 515 rebus
593 457 673 514 notis
689 457 847 534 imagines.
870 456 929 515 Pro
947 455 1098 516 columnis
1115 453 1201 512 enim

200 549 373 626 figurantur
384 552 503 626 calami,
516 574 571 633 pro
586 553 716 631 fastigiis
727 554 827 631 crispa
837 552 978 631 quaedam
990 551 1095 610 voluta
1108 549 1197 623 lolia;

121 703 122 706 ,
201 645 274 704 item
287 647 468 708 candelabra
484 649 667 709 sustinentia
681 649 835 708 mirabiles
846 650 975 722 formas;
989 656 1054 708 tum
1067 647 1200 707 inauditi

201 744 300 815 flores,
314 744 394 804 unde
407 753 522 806 exeunt
540 746 697 809 dimidiata
714 746 824 824 sigilla,
841 746 984 804 humanis
1000 745 1069 817 alia,
1086 745 1202 804 bestia·
1241 769 1244 774 ·

201 840 340 900 ramalia
355 842 466 902 similia
488 843 652 923 capitibus.
675 841 750 902 Haec
769 850 871 903 autem
892 863 947 902 nec
965 849 1047 914 sunt,
1062 861 1118 900 nec
1133 841 1200 899 fieri

200 944 340 1016 possunt,
356 959 411 998 nec
425 940 560 1000 luerunt.
578 939 843 1006 Quemadmodum
856 939 937 998 enim
950 946 1053 1019 potest
1065 937 1202 997 calamus

202 1053 272 1092 vere
289 1035 439 1093 sustinere
458 1043 586 1110 tectum,
603 1044 657 1096 aut
681 1037 718 1095 de
737 1036 893 1096 radicibus
911 1038 1021 1095 tlorum
1038 1034 1201 1093 dimidiata

200 1129 299 1208 sigilla
311 1133 463 1209 procreari
475 1134 489 1193 ‘l
499 1134 614 1192 Athaco
626 1134 703 1192 falsa
713 1133 816 1192 omnia
828 1133 970 1192 videntes
983 1132 1121 1191 homines
1136 1151 1201 1189 non

200 1227 440 1305 reprehendunt,
466 1229 560 1288 immo
584 1229 787 1303 delectantur,
815 1237 907 1311 atque
927 1229 1000 1288 hinc
1028 1229 1202 1288 obscuratae

201 1330 319 1382 mentes
331 1345 392 1384 non
403 1326 468 1406 jam
483 1326 586 1386 valent
598 1327 728 1406 probare
739 1326 823 1407 quod
835 1327 946 1387 rationi
959 1333 1202 1386 consentaneum

201 1425 258 1479 est.

499 1555 582 1614 290.
603 1559 651 1614 Le
672 1559 768 1614 heau
786 1555 897 1614 ideal.

332 1658 389 1740 (De
405 1659 645 1742 pulchritudine
667 1683 736 1744 quar
758 1668 804 1721 cat
824 1682 921 1742 supra
942 1660 1068 1741 veram.)

135 1789 188 1843 nh.
240 1781 331 1842 Multi
354 1791 427 1842 sunt
445 1785 508 1864 qui,
526 1785 739 1864 desperatione
757 1785 920 1857 debilitati,
945 1784 1076 1863 experiri
1101 1782 1202 1842 nolint

201 1877 283 1957 quod
296 1899 328 1938 se
339 1881 460 1960 assequi
474 1902 563 1961 posse
579 1882 730 1943 dillldant.
753 1883 812 1940 Sed
830 1903 886 1961 par
903 1888 951 1940 est
974 1901 1079 1940 omnes
1097 1880 1202 1938 omnia

200 1976 343 2054 experiri,
356 1976 409 2057 qui
424 1999 473 2038 res
493 1999 620 2056 magnas
634 1987 665 2037 et
680 2000 790 2056 magno
809 2000 901 2058 opere
923 1977 1109 2057 expetendas
1128 1996 1203 2034 con-

200 2072 396 2151 cupiverunt.
426 2076 532 2154 Neque
570 2075 648 2134 illud
684 2075 795 2154 ipsum,
833 2075 916 2155 quod
954 2082 1001 2134 est
1036 2073 1200 2153 optimum,

201 2168 426 2248 desperandum
466 2179 526 2241 est;
557 2180 599 2245 et,
632 2172 663 2230 in
699 2171 917 2251 praestantibus
952 2171 1059 2250 rebus,
1090 2189 1203 2247 magna

201 2257 273 2324 sunt
305 2286 338 2323 ea
370 2275 535 2345 quaesunt
573 2269 698 2347 optimis
734 2269 888 2347 proxima.
932 2269 1035 2349 Atque
1071 2287 1127 2344 ego
1158 2266 1203 2324 sic

201 2369 315 2440 statuo,
334 2363 410 2421 nihil
432 2385 497 2422 esse
518 2365 548 2422 in
567 2365 629 2423 ullo
653 2386 762 2442 genere
782 2374 844 2425 tam
867 2364 1041 2445 pulchrum,
1057 2384 1117 2444 quc
1139 2383 1203 2421 non

200 2459 358 2539 pulchrius
373 2460 404 2518 id
419 2461 469 2534 sit,
487 2462 568 2521 unde
581 2461 667 2534 illud,
685 2470 720 2521 ut
739 2483 775 2520 ex
792 2483 845 2520 ore
863 2462 976 2542 aliqu0‚
995 2461 1080 2542 quasi
1099 2461 1203 2536 imago

201 2556 400 2636 exprimatur,
418 2558 499 2638 quod
516 2579 614 2638 neque
627 2559 734 2631 oculis,
752 2579 851 2638 neque
871 2558 1007 2630 auribus,
1025 2578 1123 2638 neque
1139 2556 1203 2615 ullo

202 2673 292 2712 sensu
302 2654 420 2733 percipi
433 2663 544 2733 potest,
557 2656 744 2733 cogitatione
755 2663 876 2714 tantum
888 2663 919 2714 et
931 2662 1033 2714 mente
1048 2652 1204 2732 complec-

201 2749 306 2810 timur.
328 2751 434 2830 ltaque
453 2760 484 2809 et
508 2751 625 2810 Phidiae
646 2752 826 2824 simulacris,
853 2753 966 2832 quibus
989 2751 1066 2811 nihil
1085 2750 1117 2809 in
1138 2748 1204 2808 ullo

201 2867 311 2924 genere
325 2847 489 2926 perfectius
504 2848 656 2920 videmus,
675 2856 705 2907 et
722 2849 758 2907 iis
781 2849 920 2927 picturi5‚
938 2870 1014 2929 quas
1031 2846 1201 2919 nominavi,

201 2944 336 3020 cogitare
350 2951 452 3003 tamen
465 2966 629 3024 possumus
645 2945 831 3025 pulchriora.
850 2947 875 3003 N
880 2967 914 3005 ec
926 2967 999 3005 vero
1017 2945 1067 3003 ille
1079 2945 1201 3017 artifex,

201 3060 270 3098 cum
290 3040 406 3099 laceret
424 3041 511 3099 lovis
535 3043 665 3101 sormam
683 3050 738 3101 aut
755 3043 914 3114 Minervae,
936 3041 1205 3121 contemplabatur

202 3136 334 3217 aliquem
350 3158 440 3218 equo
456 3139 688 3198 similitudinem
705 3139 845 3211 duceret;
867 3139 922 3198 sed
943 3139 1041 3218 ipsius
1056 3138 1087 3195 in
1100 3144 1204 3196 mente

202 3233 355 3292 insidebat
379 3235 495 3313 species
524 3235 762 3314 pulchritudinis
791 3236 901 3294 eximia
930 3235 1080 3316 quaedam,
1111 3254 1204 3314 quam

202 3329 325 3388 intuens
343 3330 373 3388 in
393 3351 489 3412 eaque
509 3331 637 3405 defixus
658 3332 695 3391 ad
717 3333 799 3392 illius
819 3332 1042 3391 similitudinen
1061 3338 1157 3390 artem
1174 3339 1206 3390 et

201 3445 327 3484 manum
341 3427 503 3506 dirigebat.
522 3427 564 3487 Ut
577 3429 672 3506 igitur
688 3429 718 3486 in
736 3429 844 3488 lormis
855 3439 886 3488 et
901 3429 1007 3506 figuris
1025 3435 1071 3487 est
1087 3426 1205 3506 aliquid

203 3523 375 3600 perlectum
395 3531 425 3582 ct
446 3525 610 3597 excellens,
629 3527 717 3606 cujus
737 3526 775 3584 ad
797 3522 1117 3606 cogitatani'speciem
1136 3524 1207 3583 imi-

205 3618 299 3676 tando
312 3619 489 3679 referuntur
508 3642 542 3680 ea
562 3644 629 3703 quae
643 3623 699 3681 sub
721 3622 828 3681 oculos
845 3623 911 3701 ipsa
935 3643 997 3686 non
1017 3621 1146 3692 cadunt;
1160 3621 1208 3680 sic

203 3715 347 3794 perlectae
376 3716 560 3795 eloquentiae
596 3721 729 3798 speciem
758 3718 861 3778 animo
893 3718 1047 3794 videmuS,
1072 3717 1208 3794 effigiem

203 3815 329 3874 auribus
344 3817 523 3897 quaerimus.
677 3898 728 3950 204
