2670 4252
113 1 240 20 ““““·““-’“Υ“”““
253 22 256 33 t

116 133 174 188 15.
199 135 256 190 Un
280 138 379 190 eleut
399 139 423 190 e
442 147 508 191 son
527 134 696 202 petit-fils
720 147 813 202 pour
832 134 1117 192 l'enniversedre

444 229 487 278 oe
507 235 552 279 sa
570 221 783 279 nalssanoe.

202 324 298 406 (Avus
320 323 362 386 ad
383 333 524 408 nepotem
545 325 583 386 de
605 325 707 386 natali
727 327 795 408 ejus
817 324 868 386 die
891 325 1027 408 scribit.)

150 457 297 518 Carmina
319 460 416 539 prima
438 460 494 518 tibi
516 480 585 518 cum
604 460 670 539 jam
693 460 863 539 puerilibus
886 459 975 518 annis
1145 465 1184 529 2·

148 555 300 614 Traderet
320 555 434 616 assidui
457 557 649 636 permulcens
671 577 744 615 cura
766 557 908 634 magistri

150 651 370 732 Imbueretque
392 673 487 712 novas
509 674 596 711 aures
612 674 781 732 sensusque
797 674 953 733 sequaces,

151 748 196 807 Ut
214 749 446 828 respondendas
468 751 560 809 docili
583 771 707 830 quoque
729 771 888 809 murmure
910 771 1001 809 voces

149 845 321 905 Emendate
344 846 413 905 rudi
435 847 587 926 proferret
610 847 713 925 lingua
736 848 854 925 palato,

148 942 339 1002 Addidimus
360 943 403 1001 nil
425 944 512 1002 triste
534 962 636 1002 senes:
660 965 698 1002 ne
718 964 790 1002 cura
815 943 964 1003 monendi

148 1039 291 1098 Laederet
311 1047 365 1098 aut
385 1039 489 1099 dulces
511 1046 619 1116 gustus
640 1041 766 1098 vitiaret
786 1041 915 1100 amaris

147 1139 192 1195 At
213 1136 317 1208 modo,
339 1155 410 1194 cum
434 1145 518 1194 motu
541 1139 645 1216 vigeas
662 1137 727 1216 jam
750 1139 880 1216 puberis
905 1137 975 1207 aevi,

146 1233 265 1312 Accipe
289 1253 349 1290 non
371 1241 526 1312 praecepta
549 1234 687 1312 quidem,
712 1233 765 1292 sed
790 1240 859 1292 vota
883 1235 1036 1313 precantis

147 1331 192 1387 Et
212 1330 362 1407 gratantis
384 1330 433 1389 avi
455 1330 567 1388 festum
593 1331 630 1388 ad
653 1330 801 1389 sollemne
824 1331 955 1409 nepotis.

145 1427 299 1497 AnnuitO,
324 1433 357 1485 ut
378 1427 521 1485 reducem
545 1427 711 1486 latoruma
734 1427 799 1486 tine
821 1436 975 1486 senectam

145 1523 262 1602 Sospes
284 1543 382 1600 agam,
406 1524 580 1603 festumque
602 1524 683 1582 diem
705 1523 907 1603 dubitataque
929 1545 1053 1583 cernam

145 1619 267 1689 Sidera,
291 1620 434 1698 deposito
456 1641 551 1700 prope
572 1621 783 1679 conclamatus
806 1620 842 1678 in
864 1642 942 1681 aeVO.

146 1717 229 1788 Hoc,
253 1717 369 1775 mellite
391 1738 496 1796 nepos
521 1717 681 1796 duplicato
704 1718 827 1776 laenore
850 1725 985 1796 parturn,

144 1814 251 1871 Natali
274 1813 440 1872 accedento
464 1822 533 1884 tu0;
557 1835 730 1894 munusque
753 1814 861 1873 salutis

144 1910 275 1969 Plenius
297 1911 355 1969 hoc
378 1918 500 1981 nostrae,
524 1911 605 1989 quod
625 1911 696 1991 jam
719 1910 772 1968 tibi
796 1911 921 1990 puberis
943 1911 1002 1968 aevi

142 2005 268 2065 Crescit
290 2008 398 2082 bonne,
415 2008 624 2087 juvenemque
646 2029 740 2065 senex
756 2007 822 2087 jam
842 2028 935 2065 cerno
958 2016 1112 2086 nepotem.

142 2104 196 2162 Sis
217 2104 314 2182 patris
336 2112 427 2184 atque
449 2105 508 2162 mei
531 2125 592 2162 non
614 2105 802 2162 immemor:
828 2104 923 2162 ardua
946 2125 1067 2183 semper

142 2201 279 2259 Praemia
300 2221 455 2258 musarum
478 2202 599 2279 cupias3
623 2201 774 2262 facundus
797 2209 827 2260 et
848 2200 922 2259 olim

142 2299 216 2356 Hae
238 2297 377 2373 gradiare
398 2298 459 2366 via,
484 2319 543 2377 qua
567 2298 627 2355 nos'
645 2298 871 2376 praecessimus,
895 2307 924 2356 et
946 2298 995 2356 cui

141 2394 319 2454 Proconsul
341 2395 474 2471 genitor,
498 2395 662 2473 preelectus
686 2394 857 2453 avunculus
880 2395 1008 2454 instant.

373 2578 430 2635 16.
451 2580 616 2638 conseils
636 2580 660 2636 e
678 2593 727 2636 un
745 2580 844 2648 pere.

467 2685 621 2762 (Monetur
640 2685 755 2764 peter.)

138 2825 316 2885 Abstineas
338 2825 433 2902 igitur
454 2824 649 2897 damnandis;
667 2825 760 2906 hujus
782 2826 863 2884 enim
887 2825 936 2883 vel
1143 2845 1181 2907 2⁰

139 2923 216 2982 Una
241 2928 349 2999 potens
371 2923 448 2979 ratio
470 2930 526 2994 est,
550 2943 587 2980 ne
609 2922 737 2981 crimina
761 2931 863 2980 nostra
887 2931 1055 3002 sequantur

138 3021 191 3078 Ex
215 3017 305 3075 nobis
327 3017 449 3096 geniti:
472 3019 618 3098 quoniam
641 3018 757 3077 dociles
780 3019 942 3078 imitandis

135 3113 303 3193 Turpib‘us
324 3135 358 3173 ac
380 3116 482 3194 pravis
504 3136 610 3173 omnes
633 3137 749 3188 sumus,
775 3123 805 3174 et
828 3116 992 3174 Catilinam

136 3213 350 3290 Quocumque
372 3211 403 3269 in
425 3213 541 3292 populo
563 3212 678 3284 videas,
703 3233 899 3291 quocumque
922 3213 978 3270 sub
1001 3232 1071 3285 axe3

136 3307 207 3367 Sed
232 3328 288 3364 nec
310 3309 423 3366 Brutus
446 3310 515 3381 erit,
540 3309 628 3367 Bruti
651 3331 707 3367 nec
730 3310 901 3367 avunculus
924 3331 1064 3389 usquam.

137 3405 199 3466 Nil
221 3404 308 3462 dictu
329 3405 446 3463 loedum
469 3406 598 3484 visuque
620 3406 686 3464 lraec
707 3406 812 3464 limina
836 3413 952 3480 tangat,

136 3505 234 3564 Intra
258 3505 324 3580 quae
345 3522 422 3580 puer
443 3509 498 3560 est.
524 3503 645 3572 Procul,
670 3502 719 3572 ah,
745 3503 852 3581 procul
877 3503 947 3560 inde
970 3504 1077 3582 Lyaeus

134 3583 277 3670 AmeriS‚
299 3604 329 3656 et
349 3607 457 3658 cantus
479 3600 688 3678 pernoctantis
711 3599 856 3677 parasiti!

137 3695 287 3757 Maxima
310 3694 437 3754 debetur
459 3717 554 3775 puero
576 3696 758 3754 reverentia.
784 3695 814 3754 Si
837 3696 911 3777 quid

540 3875 679 3926 ..11-
