2678 4250
404 187 534 246 VOYAGES¹
555 189 589 226 ΕΤ
610 171 776 227 (ἔϋΒΙΟΒΙΤὲδ
796 203 835 212 -··
857 188 892 225 LA
913 185 1065 226 GAMPAGNE

236 297 295 356 trIa
308 297 392 358 milia
404 305 435 358 et
449 299 665 379 quadringenti
683 299 839 378 octoginta
855 297 973 358 nummi
987 296 1103 368 biennii
1118 303 1241 374 tempo-
1329 323 1330 348 i

238 395 291 465 ris,
317 415 377 475 quo
397 395 483 454 velut
503 395 632 455 infantia
655 396 814 454 vinearum
833 403 932 455 cessat
953 415 970 455 a
991 393 1111 456 fructur
1129 391 1177 450 Fit
1202 391 1238 449 iu
1329 407 1330 480 ,

185 555 186 558 Ἰ
238 511 334 549 assem
348 511 466 550 summa
479 493 568 550 sortis
584 499 614 552 et
629 513 791 564 usurarum
802 492 918 551 XXXII
929 491 1050 550 milium
1065 487 1236 564 CDLXXX
1329 493 1330 548 ἶ

237 607 444 649 nummorum.
465 588 571 648 Vincit
589 585 691 648 tamen
718 589 835 648 reditus
858 588 917 646 VII
939 588 1084 667 jugerum
1110 604 1236 644 usuram

237 673 352 742 XXXII
373 684 493 743 milium
513 684 680 744 CDLXXX
700 705 907 744 nummorum.
929 683 1061 763 Quippe,
1082 689 1116 740 ut
1134 679 1238 739 deter-
1329 723 1330 766 }

236 780 306 838 rimi
325 782 445 858 generis
464 781 527 841 sint
545 782 655 854 vineae,
677 789 791 858 tamen,
811 782 836 840 si
850 781 953 853 cultae,
971 778 1116 857 singulosv
1128 777 1240 862 utique

235 876 351 936 culleos
377 878 445 954 vini
464 879 584 955 singula
612 899 716 938 earum
736 877 846 959 jugera
872 875 1114 957 peraequabunt·;
1140 879 1241 953 utque

236 973 381 1033 trecentis
403 975 536 1033 nummis
555 975 759 1056 quadragenae
776 995 863 1032 urnae
885 979 1030 1050 veneant,
1047 969 1130 1051 quod
1146 969 1241 1029 mini·
1329 999 1330 1022 r

236 1091 320 1128 mum
350 1071 481 1150 pretium
504 1079 549 1129 est
575 1092 717 1144 annonae,
743 1075 960 1130 consummant
986 1075 1090 1128 tamen
1114 1072 1238 1146 septem
1329 1105 1330 1144 ,

235 1166 327 1226 cullei
337 1167 546 1226 sestertiorum
558 1167 619 1226 duo
632 1167 715 1226 milia
727 1173 757 1226 et
769 1159 893 1226 centum
909 1185 1051 1224 nummos
1065 1181 1073 1238 ;
1089 1182 1125 1223 ea
1139 1181 1241 1242 porro

236 1257 356 1323 summa
373 1263 494 1323 excedit
508 1284 633 1324 usuram
651 1263 837 1325 semissium.
1114 1250 1115 1256 ἵ
1142 1261 1144 1267 ’

578 1448 662 1508 247.
682 1450 733 1506 De
753 1448 792 1505 la
812 1447 935 1518 grene.

607 1553 665 1633 (De
687 1552 859 1635 insitione.)

167 1727 209 1792 3·
295 1711 348 1772 Bis
369 1720 486 1792 septem
507 1733 629 1792 parvos
653 1733 730 1792 opus
752 1711 929 1790 agricolare,
952 1709 1082 1784 libellos,

334 1809 417 1877 Quos
438 1809 555 1869 calamo
576 1808 642 1868 haec
664 1809 788 1888 scripsit
810 1809 996 1888 simpliciore
1017 1825 1138 1890 manus,

295 1903 512 1979 Commendas,
536 1906 682 1983 dignaris,
707 1927 800 1978 amas,
825 1913 856 1965 et
875 1905 991 1965 rustica
1013 1904 1094 1965 dicta

333 2005 456 2062 Affectu
478 2003 552 2062 socii
574 2003 759 2061 sollicitante
781 2002 867 2061 colis.

295 2099 385 2158 Nunc
406 2099 475 2158 ideo
498 2100 652 2158 modicum
674 2120 814 2158 crescens
836 2098 949 2158 fiducia
970 2120 1093 2160 carmen

336 2194 466 2268 Obtulit,
490 2196 618 2254 arbitrio
639 2195 824 2254 laetificanda
846 2203 912 2256 tu0.

295 2291 350 2351 Est
371 2300 484 2351 nostrae
506 2279 643 2352 studium
666 2313 728 2351 non
750 2292 990 2352 condemnabile
1012 2313 1107 2354 musae
1141 2324 1144 2330 ¹
1207 2305 1210 2310 “

336 2389 493 2448 Urbanum
515 2389 572 2447 lari
595 2389 778 2448 rusticitatis
800 2409 896 2471 opus,

294 2485 358 2543 Sub
381 2485 505 2552 thalami
527 2486 628 2565 specie
649 2486 754 2544 felices
774 2487 905 2565 jungere
927 2485 1031 2559 silvae,

336 2581 378 2640 Ut
398 2582 497 2641 suboli
520 2583 635 2642 mixtus
657 2590 775 2642 crescat
796 2583 953 2662 utrimque
974 2583 1076 2654 decor,

295 2678 517 2759 Conexumque
540 2695 646 2738 nemus
669 2679 781 2739 vestire
804 2679 946 2737 affinibus
969 2679 1096 2753 umbris,

335 2776 374 2836 Et
395 2776 516 2855 gemina
537 2784 659 2856 partum
683 2775 845 2834 nobilitare
867 2796 964 2848 coma,

295 2872 475 2931 Foederibus
496 2872 616 2931 blandis
638 2872 743 2931 dulces
765 2871 954 2931 confundere
976 2892 1076 2946 sucos,

334 2971 373 3030 Et
394 2970 489 3028 letum
512 2969 627 3048 duplici
649 2969 736 3047 fruge
759 2969 876 3049 saporis
898 2969 947 3030 ali.

294 3067 368 3134 Quae
390 3067 500 3146 quibus
523 3066 691 3145 hospitium
713 3072 861 3147 praestent
881 3065 1015 3146 virgulta
1037 3065 1172 3144 docebo,

334 3163 408 3230 Quae
430 3163 470 3222 sit
491 3162 646 3241 adoptivis
669 3163 760 3222 arbor
781 3170 893 3222 onusta
914 3162 1020 3222 comis.

292 3261 363 3340 Ipse
385 3259 448 3339 poli
469 3265 581 3333 rector,
605 3280 666 3338 quo
688 3258 792 3319 lucida
814 3258 914 3318 sidera
935 3265 1075 3333 currunt,

333 3357 400 3424 Quo
421 3356 481 3415 fixa
502 3362 549 3415 est
568 3356 670 3430 telluS,
695 3377 756 3437 quo
777 3356 846 3414 fluit
868 3355 950 3414 unda
971 3357 1074 3429 maria,

294 3453 374 3512 Cum
395 3460 500 3532 posset
521 3452 631 3512 mixtos
652 3453 745 3512 ramis
766 3452 910 3511 inducere
930 3453 1020 3511 tlores

334 3551 373 3609 Et
393 3549 476 3609 varia
497 3549 659 3628 gravidum
681 3549 807 3628 pingere
828 3549 937 3608 fronde
958 3569 1066 3608 nemus

295 3647 448 3724 Dignatus
470 3654 592 3705 nostros
615 3646 673 3704 hoc
694 3646 842 3724 insignire
864 3644 993 3720 laboreS,
1075 3654 1077 3659 '

335 3743 483 3802 Naturam
505 3743 570 3801 fieri
592 3742 694 3802 sanxit
715 3743 752 3801 ab
774 3750 839 3802 arte
861 3763 984 3802 novam.

659 3902 817 3954 -172-
