2656 4258
208 175 289 232 194.
310 179 380 232 Les
395 173 592 232 codicilles.
609 205 643 214 -
657 175 752 231 Leur
771 173 991 230 institution.

270 278 327 360 (De
346 277 512 339 codicillis.
539 278 668 352 Quando
691 276 829 338 instituti
837 277 927 360 sint.)
1003 309 1005 316 ·

137 441 218 496 Ante
235 437 368 516 Augusti
396 444 533 517 tempora
566 443 688 496 constat
720 435 934 496 codicillorum
962 435 1014 515 jus
1036 455 1099 494 non
1125 433 1183 510 3⁸¹

99 534 203 606 luisse,
216 533 269 592 sed
283 535 400 614 primus
414 535 526 593 Lucius
537 533 695 607 Lentulus,
711 554 748 592 ex
760 533 848 614 cujus
862 553 992 613 persona
1007 533 1100 600 etiam

1 640 2 682 1
100 631 334 691 fideicommissa
351 639 522 711 coeperunt,
539 630 698 690 codicillos
724 629 909 689 introduxit.
929 630 1007 688 Nam
1029 649 1100 689 cum

99 727 261 788 decederet
273 729 306 786 iu
327 728 443 799 Africa,
474 729 599 807 scripsit
619 726 778 786 codicillos
792 732 977 786 testamento
990 711 1102 784 confir·

98 831 208 898 matoS,
226 823 339 904 quibus
358 825 396 884 ab
421 827 562 903 Augusto
580 824 671 904 petiit
692 844 746 904 per
773 822 1044 883 fideicommissum
1067 828 1102 882 ut

99 921 214 980 laceret
229 921 345 1000 aliquid
360 940 368 982 :
386 929 417 980 et
432 942 501 981 cum
522 921 612 980 divus
640 924 800 999 Augustus
823 919 1014 979 voluntatem
1034 918 1102 999 ejus

98 1017 267 1098 implesset,
282 1017 427 1098 deinceps
441 1018 562 1098 reliqui,
583 1018 648 1097 ejus
665 1017 879 1077 auctoritatem
890 1016 997 1088 secuti,
1015 1015 1102 1074 fidei-

98 1115 262 1174 commissa
286 1114 484 1194 praestabant,
510 1121 542 1174 et
560 1115 622 1174 tilia
651 1115 773 1174 Lentuli
795 1115 906 1193 legata,
937 1133 1006 1193 quae
1031 1112 1102 1194 jure

98 1233 162 1270 non
176 1211 319 1285 debebat,
340 1211 444 1272 solvit.
470 1212 594 1271 Dicitur
612 1219 713 1270 autem
735 1215 895 1290 Augustus
915 1229 1102 1270 convocasse
1164 1243 1166 1246 ·

98 1308 278 1388 prudentes,
297 1307 378 1368 inter
398 1329 475 1388 ques
489 1308 667 1367 Trebatium
689 1329 823 1389 quoque,
840 1307 928 1388 cujus
943 1315 1018 1367 tunc
1032 1325 1102 1366 auc·

98 1405 207 1464 toritas
222 1405 355 1464 maxima
379 1413 454 1478 erat,
472 1413 503 1464 et
517 1406 663 1486 quaesisse
687 1427 725 1464 an
738 1405 837 1484 possit
851 1404 910 1463 hoc
924 1403 1031 1482 recipi,
1047 1421 1103 1462 nec

97 1503 253 1562 absonans
267 1522 284 1560 a
293 1501 373 1582 juris
387 1502 506 1561 ratione
521 1502 734 1561 codicillorum
746 1523 820 1561 usus
835 1508 929 1575 esset;
947 1507 978 1560 et
993 1499 1104 1558 Treba-

96 1599 178 1657 tium
188 1599 320 1658 suasisse
339 1599 578 1680 August0,quod
594 1599 710 1658 diceret
737 1599 936 1658 utilissimum
951 1604 982 1656 et
997 1616 1103 1655 ueces-

97 1695 215 1756 sarium
230 1695 351 1754 civibus
366 1716 432 1755 esse
446 1704 573 1776 propter
593 1717 719 1774 magnas
745 1702 776 1755 et
797 1695 904 1772 longas
926 1694 1105 1774 peregrina-

1 1811 2 1844 t
96 1793 210 1864 tiones,
233 1813 303 1873 quie
316 1793 398 1872 apud
422 1800 540 1851 veteres
556 1792 696 1864 luissent,
715 1792 779 1864 ubi,
807 1792 833 1850 si
848 1791 918 1872 quis
937 1799 1104 1850 testamen·
1146 1825 1149 1866 l

97 1898 168 1950 tum
182 1889 283 1948 lacere
299 1910 361 1948 nou
378 1895 492 1968 posset,
511 1897 613 1948 tamen
631 1888 788 1948 codicillos
803 1896 916 1968 posset.
931 1889 933 1893 ’
956 1888 1025 1945 Non
1039 1893 1105 1944 tan-

97 1995 167 2046 tum
189 1994 291 2045 autem
315 1993 499 2044 testamento
514 1987 597 2045 lacto
611 1992 715 2065 potest
729 1987 798 2065 quis
812 1984 970 2045 codicillos
992 1984 1102 2054 lacere,

1 2155 2 2158 Ἴ
97 2083 154 2142 sed
173 2090 205 2142 et
223 2083 370 2141 intestato
393 2083 461 2162 quis
488 2081 638 2141 decedens
657 2082 924 2142 fideicommittere
955 2079 1105 2139 codicillis

96 2185 216 2260 potest.
230 2180 289 2238 Sed
301 2200 370 2238 cum
393 2187 464 2238 ante
488 2187 708 2264 testamentum
736 2180 851 2239 lactum
881 2177 1014 2238 codicilli
1032 2167 1105 2234 lacti

95 2283 200 2349 erant,
218 2276 405 2356 Papinianus
421 2277 464 2335 ait
479 2298 540 2335 non
563 2277 651 2336 aliter
665 2277 746 2336 vires
761 2276 872 2335 babere
889 2295 981 2356 quam
997 2273 1022 2332 si
1039 2291 1108 2352 spe·

95 2372 174 2434 ciali
188 2379 296 2453 postea
312 2373 471 2432 voluntate
486 2374 717 2434 confirmentur.
963 2365 967 2370 ’

246 2603 328 2660 195.
344 2605 398 2660 Lo,
417 2603 631 2660 successton
655 2605 722 2659 des
749 2602 963 2660 affranchts.

364 2706 421 2788 (De
446 2707 616 2767 hereditate
640 2706 849 2789 libertorum.)

135 2859 188 2918 Ita
200 2858 323 2917 demum
353 2857 402 2916 lex
432 2857 605 2916 Duodecim
627 2856 812 2916 Tabularum
840 2857 878 2916 ad
903 2857 1105 2917 hereditatem
1135 2863 1175 2926 3·

90 2964 203 3024 liberti
229 2964 361 3022 vocabat
392 2970 568 3042 patronum,
603 2963 629 3020 si
660 2963 823 3022 intestatus
849 2972 989 3023 mortuus
1027 2972 1108 3023 esset

89 3062 239 3133 libertuS,
260 3059 346 3118 nullo
369 3080 425 3118 suo
445 3059 557 3118 herede
577 3059 698 3120 relicto.
715 3060 825 3119 Postea
848 3060 993 3119 Praetoris
1006 3061 1107 3120 edicto

89 3160 167 3218 haec
178 3157 258 3236 juris
273 3156 421 3236 iniquitas
437 3155 597 3216 emendata
609 3164 671 3230 est,
689 3157 754 3215 sive
767 3156 848 3215 enim
865 3157 996 3216 faciebat
1015 3164 1108 3218 testa-

1 3299 2 3314 s
88 3261 239 3315 mentum
260 3252 400 3326 libertuS,
410 3253 579 3334 jubebatur
600 3254 642 3312 ita
659 3253 766 3313 testari
785 3260 821 3313 ut
839 3263 970 3333 patrono
989 3261 1107 3334 partem

87 3351 259 3412 dimidiam
273 3349 424 3409 bonorum
445 3370 570 3410 suorum
587 3350 787 3431 relinqueret,
801 3357 833 3409 et
851 3351 877 3410 si
895 3359 948 3410 aut
962 3352 1040 3411 nihil
1055 3360 1110 3411 aut

86 3451 204 3510 minus
218 3455 304 3527 parte
328 3446 455 3506 dimidia
484 3447 661 3528 reliquerat,
690 3447 821 3507 dabatur
845 3455 978 3527 patrono
1000 3455 1108 3508 contra

85 3544 222 3607 tabulas
247 3545 424 3604 testamenti
457 3545 554 3623 partis
584 3545 719 3603 dimidiae
748 3544 899 3603 bonorum
933 3546 1104 3624 possessio;

84 3645 163 3704 sive
178 3642 342 3701 intestatus
358 3641 556 3714 moriebatur,
574 3662 630 3700 suo
657 3640 768 3700 herede
795 3641 902 3700 relicto
923 3643 988 3701 filio
1013 3642 1110 3721 adop-

1 3767 2 3805 t
86 3743 178 3812 tivo,
196 3739 326 3799 dabatur
348 3759 436 3818 aeque
454 3745 585 3818 patrono
612 3745 720 3798 contra
742 3739 824 3798 hunc
847 3759 937 3797 suum
964 3739 1109 3797 heredem

530 3916 685 3968 -135-
