2682 4258
288 144 421 182 LETTRES.
445 159 483 168 ··-
505 145 647 184 semideus.
671 159 711 168 -
731 146 869 184 SAVANTS.
894 159 931 168 -
949 143 1139 184 Pfflnosorfles

214 275 285 313 rum
313 252 536 334 possessionem
566 257 685 320 animus
713 255 897 329 admittitur,
928 265 958 315 et
987 257 1039 328 ito,
1068 255 1092 314 si
1113 275 1219 314 secum

215 351 378 409 minimum
393 373 428 410 ex
445 373 573 432 corpore
596 352 677 418 tulit,
698 354 723 410 si
753 353 909 411 sordidum
933 373 1024 412 omne
1043 352 1170 410 detersit
1186 358 1218 410 et

213 448 377 526 expeditus
399 449 534 528 levisque
550 470 584 508 ac
598 457 764 508 contentus
779 449 900 508 modico
916 449 1053 508 emicuit.
1071 448 1150 508 Cum
1165 448 1217 507 illa

142 609 148 626 Ι
215 544 327 622 tetigit,
351 545 453 617 alitur,
475 546 586 604 crescit
606 566 640 604 ac
658 546 743 604 velut
762 546 894 605 vinculis
916 546 1062 608 liberatus
1077 546 1108 604 in
1123 544 1218 623 origi·

214 661 285 698 nem
297 641 388 710 redit,
405 650 436 700 et
449 643 506 700 hoc
519 641 611 700 habet
626 651 842 719 argumentum
856 642 1026 701 divinitatis
1040 662 1123 714 suae,
1133 641 1219 722 quod

213 736 301 796 illum
321 738 425 796 divina
446 739 611 814 delectant,
632 761 687 798 neo
707 748 741 798 ut
762 740 880 811 alieniS,
901 740 952 798 sed
963 748 996 798 ut
1013 739 1087 812 suis,
1118 738 1219 797 inter-

211 840 285 895 est:
310 855 415 894 secure
436 843 556 915 spectat
576 856 702 895 occasus
725 837 859 896 siderum
880 843 972 916 atque
994 844 1079 894 ortus
1104 841 1220 894 ettam

211 930 352 990 diversas
367 931 621 990 concordantium
642 934 718 992 vias,
737 933 888 991 Observat
916 932 967 990 ubi
977 953 1118 1012 quaeque
1129 931 1220 990 stella

213 1027 347 1106 primum
365 1029 453 1086 terris
468 1029 571 1087 lumen
586 1029 740 1102 ostendat,
758 1029 810 1088 ubi
827 1029 951 1090 culmen
963 1029 1030 1108 ejus
1049 1048 1217 1101 summum,

210 1143 274 1202 qua
299 1144 407 1182 cursus
431 1124 481 1196 sit,
512 1146 671 1204 quousque
696 1125 872 1186 descendat.
897 1125 1045 1185 Curiosus
1061 1131 1222 1205 spectator

211 1221 332 1278 excutit
349 1220 467 1298 singula
478 1229 509 1279 et
524 1223 653 1300 quaerit.
667 1221 781 1290 Quidni
795 1225 946 1302 quaerat?
965 1222 1023 1280 scit
1044 1221 1095 1280 illa
1124 1221 1163 1280 ad
1186 1241 1220 1279 se

212 1313 378 1396 pertinere.
396 1317 483 1376 Tunc
498 1319 669 1377 contemnit
684 1319 831 1378 domicilii
842 1319 953 1400 prioris
968 1317 1136 1395 augustias.

367 1493 452 1549 410.
473 1492 652 1550 Noblesse
672 1495 717 1550 de
736 1494 880 1563 l’esprit
898 1492 1059 1550 humeln.

333 1586 446 1666 (Quam
461 1586 502 1647 sit
523 1608 673 1669 generosa
695 1610 743 1649 res
770 1588 925 1648 humanus
946 1587 1094 1668 animus.)

143 1737 198 1796 nh,
255 1727 366 1805 Magna
385 1736 416 1786 et
444 1749 592 1805 generosa
623 1751 671 1788 res
699 1737 745 1789 est
773 1731 925 1788 humanus
954 1730 1098 1788 animus:
1117 1728 1220 1787 nullos

215 1823 272 1882 sibi
300 1825 373 1903 poni
403 1826 469 1890 nisi,
489 1846 668 1884 communes
684 1834 715 1885 et
735 1847 804 1886 cum
831 1828 896 1886 Deo
920 1827 1065 1884 terminos
1089 1826 1217 1904 patitur.

214 1920 351 1980 Primum
383 1921 539 1980 humilem*
563 1943 625 1981 non
659 1925 772 2002 accipit
794 1924 934 2002 patriam.
969 1922 1124 2001 Ephesum
1166 1928 1219 1980 aut

213 2016 444 2090 Alexandriam,
462 2026 515 2077 aut
527 2020 550 2076 si
562 2020 645 2098 quod
661 2029 707 2078 est
722 2021 813 2078 etiam
828 2040 908 2078 nunc
925 2019 1114 2097 frequentius
1132 2021 1217 2077 inco-

213 2113 261 2186 lis,
275 2114 375 2172 laetius
390 2116 479 2174 tectis
491 2115 599 2175 solum.
613 2116 660 2174 llli
674 2117 771 2195 patria
788 2124 833 2174 ost
843 2117 1060 2196 quodcumque
1074 2134 1217 2194 suprema

212 2217 245 2268 et
272 2212 414 2270 universa
445 2212 576 2271 circuitu
605 2235 660 2272 suo
689 2214 801 2291 cingit,
833 2213 890 2272 hoc
924 2233 1014 2270 omne
1042 2231 1216 2270 convexum

213 2306 294 2365 intra
310 2307 508 2385 quodjacent
522 2309 700 2368 mariacum
726 2311 823 2380 terrie,
844 2311 923 2367 intra
939 2309 1021 2388 quod
1040 2328 1091 2368 aer
1109 2307 1216 2366 huma-

214 2391 262 2460 nis
280 2404 385 2462 divina
401 2425 562 2463 secernens
575 2406 666 2464 etiam
682 2407 853 2486 conjungit,
872 2407 951 2464 intra
962 2405 1045 2485 quod
1066 2404 1215 2483 disposita

213 2506 261 2560 tot
276 2499 390 2558 lumina
415 2501 445 2558 in
462 2509 547 2560 actus
563 2523 635 2560 suos
659 2503 822 2562 excubant.
837 2503 957 2561 Deinde
977 2510 1075 2560 artam
1091 2508 1213 2560 aetatem

212 2595 272 2655 sibi
288 2597 352 2655 dari
375 2617 436 2655 non
466 2599 548 2657 sinit.
572 2623 585 2652 α
604 2588 866 2678 Οη]ηεε,’ἰηᾳυὶῑ,
893 2608 963 2658 ante
990 2619 1038 2658 mc
1064 2597 1138 2657 anni
1155 2597 1213 2655 mei

212 2699 295 2765 sunt,
311 2693 429 2752 nullum
439 2694 584 2752 sacculum
601 2697 717 2772 magnis
732 2696 861 2774 ingeniis
876 2696 1012 2754 clausum
1027 2702 1084 2766 est,
1095 2692 1213 2752 nullum

214 2811 275 2850 non
289 2791 467 2869 cogitationi
483 2793 623 2870 pervium
640 2799 772 2871 tempus
789 2793 867 2850 Cum
883 2793 1002 2850 venerit
1016 2791 1082 2850 dies
1097 2790 1149 2849 ille
1161 2789 1213 2869 qtu'

212 2889 343 2946 mixtum
361 2889 418 2945 hoc
438 2889 534 2946 divini
554 2888 742 2968 humanique
769 2899 918 2956 secernat.
937 2909 1050 2968 corpus
1079 2887 1140 2960 hic,
1162 2885 1213 2946 ubl

211 2985 328 3056 inveni,
344 2985 610 3064 relinquam3ipse
628 3007 675 3044 me
703 2986 761 3043 diis
787 2985 922 3044 reddam.
952 2985 1015 3044 Nec
1043 3004 1125 3043 nunc
1148 2984 1212 3042 siue

211 3082 275 3140 illis
292 3103 358 3140 sum
374 3081 446 3152 ,sed
461 3082 544 3158 gravi
557 3090 740 3161 terrenoque
755 3081 895 3140 detineor
909 3101 1028 3140 carcere
1066 3127 1071 3140 .
1089 3081 1148 3140 l’er
1159 3081 1213 3140 has

209 3179 351 3237 mortalis
367 3179 424 3236 aevi
443 3198 554 3251 moras,
576 3178 620 3236 illi
634 3178 753 3236 meliori
780 3180 851 3236 vitan
867 3179 1060 3258 longiorique
1077 3176 1213 3257 proludi-

211 3285 274 3334 tur.
289 3275 553 3342 Quemadmodum
574 3296 683 3333 novem
701 3276 856 3334 mensibus
878 3282 961 3333 tenet
981 3295 1037 3333 nos
1054 3283 1213 3333 maternus

211 3379 329 3442 uterus,
349 3379 379 3429 ct
395 3377 545 3450 praeparat
561 3392 622 3430 non
645 3371 714 3442 sibi,
735 3372 786 3430 sed
806 3371 848 3430 illi
865 3372 942 3442 locO,
969 3371 999 3428 in
1019 3390 1111 3450 quem
1127 3370 1213 3429 vide-

211 3489 281 3527 mur
307 3469 405 3526 emitti
428 3489 492 3547 Jam
525 3468 628 3526 idonci
660 3469 800 3547 spiritum
832 3469 951 3526 trahere
984 3475 1015 3526 et
1042 3467 1074 3525 in
1102 3472 1209 3546 aperto

209 3567 347 3626 durare:
367 3565 410 3623 sic
432 3585 486 3643 per
517 3565 575 3622 hoc
598 3567 730 3644 spatium
758 3566 839 3643 quod
870 3565 907 3623 ab
937 3563 1065 3622 infantia
1084 3573 1169 3644 patet
1182 3563 1212 3621 in

208 3668 414 3729 senectutem,
432 3661 462 3717 in
482 3661 573 3718 alium
600 3662 833 3718 maturescimus
846 3669 978 3739 partum.
996 3660 1141 3718 Nondum
1153 3679 1212 3718 cae·

205 3756 275 3814 lum
290 3755 348 3814 nisi
365 3776 402 3813 ex
416 3755 579 3814 intervallo
595 3758 657 3835 pati
676 3776 869 3835 possumus.»

635 3891 670 3901 -—
689 3863 738 3912 ‘2th
758 3892 791 3900 —
