2670 4252
520 183 717 224 nsraucrron.
745 201 779 210 —
800 169 960 224 tuscanos

239 293 335 367 illum,
362 296 512 375 aequalem
536 317 649 366 meum,
676 297 761 356 mirre
785 299 937 358 l'acundiae
962 301 1074 373 virum,
1109 303 1237 361 infinitae

239 398 341 450 tamen
372 413 464 467 curae,
494 394 569 474 quid
596 402 675 452 esset
705 395 763 453 sibi
794 417 810 454 a
841 405 951 475 patruo
969 419 1025 456 suo
1054 397 1182 458 dictum.
1209 401 1238 458 ls

239 488 299 548 luit
329 490 430 549 Julius
466 492 585 565 Florus
616 492 647 550 in
678 491 853 572 eloquentia
883 493 1051 553 Galliarum
1082 496 1236 574 princeps,

237 584 352 666 alioqui
377 588 457 648 inter
479 609 594 668 paucos
627 589 769 661 disertus
796 597 827 648 et
848 590 958 666 dignus
983 591 1034 650 illa
1058 592 1239 672 propinqui·

237 690 311 744 tate.
341 686 369 742 ls
393 707 462 745 curn
487 687 675 758 Secundum,
706 686 818 745 scholae
844 687 945 746 adbuc
969 696 1141 767 operatum,
1171 690 1240 748 tris·

237 789 299 842 tem
325 783 403 842 forte
431 785 568 868 vidisset,
597 785 801 862 interrogavit
825 805 893 864 quae
922 805 1012 842 causa
1030 785 1142 844 frontis
1174 783 1238 845 tam

236 883 389 941 adductae.
420 882 483 940 Nec
504 880 712 939 dissimulavit
729 880 909 939 adulescens
933 883 1057 940 tertium
1073 882 1137 961 jam
1156 883 1237 942 diem

237 997 312 1052 esse,
330 999 367 1038 ex
384 999 446 1059 quo
468 978 553 1036 omni
576 978 680 1036 labore
705 978 840 1036 materiae
859 979 897 1036 ad
922 979 1118 1038 scribendum
1143 979 1239 1038 desti·

237 1085 316 1136 natae
337 1097 399 1134 non
430 1075 583 1134 inveniret
611 1074 772 1132 exordium
797 1093 803 1136 :
830 1096 891 1154 quo
919 1075 976 1133 sibi
1008 1097 1070 1134 non
1103 1097 1238 1156 praesens

236 1181 355 1233 tantum
378 1174 476 1246 dolor,
503 1172 556 1231 sed
581 1172 673 1231 etiam
696 1171 869 1250 desperatio
895 1172 928 1229 in
953 1181 1111 1252 posterum
1139 1173 1237 1233 fier'et.

236 1273 313 1329 'lum
328 1269 436 1330 Florus
448 1269 586 1328 arridens
604 1288 610 1328 :
626 1293 641 1323 (ι
659 1268 816 1347 Numquid
833 1276 876 1339 tu,
890 1269 1000 1348 inquit,
1017 1270 1125 1328 melius
1137 1270 1240 1328 dicere

236 1369 293 1440 vis,
320 1389 411 1448 quam
433 1369 546 1446 potes?
560 1391 574 1421 n
595 1367 641 1424 lta
665 1385 697 1422 se
717 1386 764 1422 res
784 1365 876 1423 habet
896 1383 903 1425 :
927 1366 1097 1425 curandum
1120 1373 1176 1439 est,
1205 1375 1240 1426 ut

236 1485 329 1544 quam
342 1466 457 1544 optime
475 1464 613 1523 dicamus
633 1481 640 1523 :
657 1462 820 1521 dicendum
837 1471 939 1521 tamen
957 1483 1013 1542 pro
1031 1462 1191 1524 facultate.

455 1677 516 1734 49.
536 1673 665 1734 Utilite'
685 1677 752 1731 des
770 1675 1017 1733 traductione.

276 1789 389 1872 (Quam
407 1789 546 1850 utilissil
559 1811 597 1850 ex
611 1789 675 1850 alia
692 1788 724 1848 in
739 1787 835 1847 aliam
850 1787 993 1870 linquam
1009 1787 1197 1868 translatio.)

170 1959 211 2023 3θ
277 1949 442 2010 Manifesta
469 1958 516 2009 est
543 1948 770 2008 exercitationis
805 1947 932 2026 hujusce
965 1947 1055 2006 ratio,
1095 1947 1172 2006 Nam
1209 1957 1242 2008 et

237 2069 338 2106 rerum
361 2049 448 2127 copia
469 2047 561 2125 gr'aeci
577 2054 716 2106 auctores
734 2045 901 2114 abundant,
926 2052 956 2103 et
975 2044 1142 2124 plurimum
1165 2047 1243 2103 artis

217 2145 268 2202 ‘in
290 2146 497 2225 eloquentiam
520 2144 702 2217 intulerunt,
726 2142 834 2218 ethos
855 2142 1110 2200 transferentibus
1136 2143 1243 2200 verbis

212 2269 214 2274 ·
237 2242 282 2299 uti
304 2242 429 2320 optimis
448 2241 545 2300 licet:
567 2241 710 2299 omnibus
731 2240 811 2298 enirn
832 2239 947 2297 utimur
969 2239 1092 2298 nostris.
1110 2239 1245 2316 Figuras

237 2358 321 2412 vere,
334 2337 445 2417 quibus
457 2338 588 2397 maxime
604 2346 731 2416 ornatur
741 2337 849 2408 oratic,
864 2335 975 2394 multas
987 2357 1021 2394 ac
1036 2337 1135 2394 varias
1148 2357 1244 2394 exco-

236 2434 355 2512 gitandi
378 2435 470 2493 etiam
491 2435 657 2493 necessitas
682 2433 824 2514 quaedam
847 2440 902 2506 est,
926 2433 995 2512 quia
1019 2433 1200 2512 plerumque
1223 2455 1243 2492 a

238 2532 353 2608 graecis
368 2552 495 2591 romana
511 2532 707 2590 dissentiunt.
729 2531 788 2589 Sed
805 2538 835 2588 et
849 2529 900 2588 illa
913 2551 950 2588 ex
962 2529 1244 2588 latinisconversio

237 2629 367 2686 multum
383 2634 414 2686 et
430 2629 496 2707 ipsa
511 2628 687 2688 contulerit.
701 2630 744 2686 Ac
758 2628 795 2685 de
808 2627 993 2685 carminibus
1007 2627 1129 2706 quidem
1142 2627 1241 2684 nemi-

238 2745 307 2782 nem
331 2725 423 2784 credo
449 2725 602 2784 dubitare.
629 2726 706 2784 Nam
730 2733 761 2783 et
784 2723 921 2782 sublimis
946 2723 1073 2804 spiritus
1097 2722 1246 2782 attollere

237 2821 408 2880 orationem
443 2829 555 2901 potest,
579 2830 611 2881 et
638 2822 731 2880 verba
761 2821 882 2901 poetica
911 2820 1052 2878 libertate
1074 2819 1248 2880 audaciora

238 2939 299 2976 non
317 2927 508 2997 praesumunt
529 2920 635 2978 eadem
652 2919 774 2998 proprie
789 2917 912 2976 dicendi
928 2918 1115 2976 facultatem.
1133 2915 1250 2978 Sedet

238 3015 313 3094 ipsis
332 3015 491 3073 sententiis
514 3015 645 3094 adjicere
667 3016 739 3073 licet
760 3015 926 3073 oratorium
948 3014 1053 3087 robur,
1076 3021 1107 3072 et
1125 3014 1249 3075 omissa

238 3113 390 3191 supplere,
415 3119 445 3170 et
465 3113 558 3170 effusa
580 3113 799 3189 substringere.
819 3113 925 3192 Neque
952 3101 1009 3189 ego
1028 3109 1250 3190 paraphrasim
1290 3115 1293 3121 ⁴

238 3229 303 3266 esse
323 3209 609 3288 interpretationem
627 3217 748 3268 tantum
763 3209 846 3281 v010,
862 3210 915 3269 sed
935 3209 1013 3267 circa
1031 3207 1154 3266 eosdem
1170 3228 1254 3267 sen-

238 3325 291 3362 sus
321 3314 475 3364 certamen
506 3313 598 3384 atque
627 3306 865 3364 aemulationem.
896 3304 1137 3364 Innumerabiles
1167 3315 1255 3367 sunt
1321 3373 1322 3380 ἶ

239 3400 334 3472 modi,
347 3401 547 3481 plurimaeque
560 3403 668 3460 eodem
683 3403 740 3461 viae
754 3403 881 3463 ducunt.
897 3403 957 3462 Sua
970 3401 1112 3460 brevitati
1127 3403 1252 3478 gratia,
1321 3381 1322 3396 l

239 3519 293 3556 sua
306 3499 401 3576 copiae
421 3516 427 3556 :
444 3499 502 3557 alia
517 3499 674 3557 translatis
694 3501 803 3571 virtus,
821 3500 879 3559 alia
898 3499 1040 3579 propriis.
1059 3499 1125 3556 Hoc
1138 3501 1257 3562 oratio

239 3601 333 3665 recta,
365 3594 441 3652 illud
470 3595 567 3672 figura
599 3596 751 3656 declinata
781 3596 986 3654 commendat.
1015 3597 1083 3674 Ipsa
1105 3594 1258 3677 denique

240 3690 403 3749 utilissima
422 3698 467 3748 est
481 3692 693 3751 exercitationi
710 3693 882 3753 difficultas.
902 3693 981 3760 Quid
998 3692 1080 3772 quod
1098 3700 1262 3758 auctores

241 3787 365 3845 maximi
384 3787 426 3845 sic
443 3786 623 3864 diligentius
640 3792 895 3867 cognoscuntur?

670 3921 809 3972 ...34-
