2678 4250
109 219 112 224 ,
147 201 149 212 ,
203 151 316 226 ΙΙ343.
337 150 449 208 ovlde
469 165 510 210 se
528 153 671 223 promet
689 151 963 210 l’immortalite'.

176 254 317 336 (Ouidius
339 276 391 337 spe
408 256 589 337 praesumit.
605 278 671 318 sese
693 256 900 316 immortalem
920 257 1028 339 scre.)-

144 413 224 481 Quid
247 414 334 486 mihi,
360 415 452 473 Livor
473 414 560 489 edax,
585 415 713 494 ignavos
735 415 843 495 objicis
866 436 994 490 annos,¹
1123 437 1165 501 2·

177 511 358 590 Ingeniique
380 531 472 570 vocas
494 531 616 570 carmen
638 512 746 570 inertis
768 513 868 591 opus?

138 607 206 666 Non
228 628 276 666 me
298 628 381 666 more
404 615 536 687 patrum,
560 607 633 666 dum
655 615 779 667 strenua
801 608 932 668 sustinet
953 617 1049 685 aetas,

177 695 316 764 Praemia
337 704 463 763 militiae
485 704 699 784 pulverulenta
714 705 816 784 sequi;

138 801 201 860 Nec
221 794 436 860 mesverbosas
459 789 541 879 leges
563 800 720 876 ediscere3
746 822 803 859 nec
823 822 870 860 me
941 787 943 790 V

178 899 300 976 Ingrato
321 917 428 956 vocem
451 898 645 977 prostituisse
668 898 763 956 soro?
834 907 836 914 ’

136 994 268 1054 Mortale
290 1002 345 1067 est,
369 994 451 1074 quod
473 995 604 1074 quaeris,
629 1015 717 1074 opus.
748 995 825 1053 Mihi
854 999 931 1055 tama
952 979 1097 1076 perennis

175 1091 347 1164 Quaeritur,
372 1099 405 1150 ut
426 1099 493 1151 toto
515 1103 639 1170 semper
661 1091 692 1151 in
715 1091 789 1150 orbe
810 1112 913 1152 canai.

135 1189 229 1247 Vivet
250 1187 440 1259 MaeonideS,
464 1188 605 1247 Tenedos
627 1173 706 1246 dum·
723 1173 816 1247 stabit
837 1196 868 1246 et
891 1190 943 1248 Ide
967 1209 994 1252 :⁴

177 1285 258 1344 Dum
277 1285 401 1365 'rapidus
423 1285 534 1344 Simois
556 1285 588 1342 in
610 1305 692 1343 mare
714 1285 819 1343 volvet
841 1307 946 1366 aquas.
964 1291 975 1302 ““

136 1382 228 1442 Nulla
250 1382 422 1462 Sophocleo
443 1382 547 1441 veniet
564 1370 684 1461 jactura
707 1382 878 1455 cothurn03

176 1479 255 1538 Cum
277 1478 341 1537 sole
362 1486 393 1537 et
414 1478 486 1537 luna
509 1497 630 1558 semper
651 1479 764 1536 Aratus
786 1479 856 1540 erit.

136 1575 255 1635 Ennius
276 1582 340 1634 arte
361 1595 467 1634 carens
481 1575 681 1654 animosique
702 1575 815 1634 Accius
837 1576 898 1634 oris

136 1703 140 1744 5
178 1673 328 1731 Casurum
352 1671 435 1731 nullo
457 1679 594 1751 tempore
616 1691 732 1738 nomen
754 1670 877 1732 habent.
928 1660 930 1666 ¹

133 1771 281 1829 Carmina
302 1768 441 1826 sublimis
465 1777 537 1827 tunc
559 1775 632 1827 sunt
652 1768 946 1847 perituraLucreti,

178 1865 280 1924 Exitio
302 1855 397 1923 terras
418 1886 487 1923 cum
510 1857 596 1923 dabit
617 1886 677 1923 una
699 1865 774 1923 dies

132 1962 272 2041 TityruS,
295 1969 326 2020 et
347 1969 476 2039 segetes,
502 1961 675 2040 AEneiaque
693 1981 776 2020 arma
798 1943 959 2040 legentur,

179 2057 281 2118 Roma‘
300 2058 480 2137 triumphati
502 2058 575 2116 dum
597 2065 694 2137 caput
715 2057 798 2116 orbis
820 2058 890 2116 erit.

135 2149 334 2235 Pascitur'in
355 2155 434 2213 vivis
458 2155 559 2224 Livor,
583 2163 653 2234 post
674 2154 736 2213 fata
752 2155 892 2233 quiescit,

180 2249 257 2312 Cum
279 2247 352 2334 su'us
368 2273 411 2311 ex
434 2252 542 2310 merito
564 2271 717 2330 quemque
738 2258 843 2310 tuetur
863 2252 972 2311 honor.
1041 2329 1043 2334 ι

136 2351 220 2426 Ergo
241 2349 347 2422 etiam,
370 2369 439 2412 cum
461 2369 509 2406 me
531 2368 691 2427 supremus
713 2347 865 2407 adusserit
886 2348 979 2426 ignis,

177 2445 300 2518 Vivam,
313 2441 454 2534 ,pai-:sque
477 2445 536 2503 mei
557 2444 653 2503 multa
675 2451 829 2524 superstes
851 2446 919 2503 erit.

196 2614 282 2672 344.
302 2613 484 2682 Properce
505 2625 545 2669 se
564 2613 705 2680 promet
724 2611 999 2670 l’tmmortalite.

149 2716 346 2800 (Propertius
360 2737 420 2798 spe
436 2716 612 2798 praesumit
633 2737 697 2776 sese
720 2716 927 2777 immortalem
948 2717 1044 2797 fere.)

135 2867 322 2929 Callimachi
343 2888 448 2950 manes
470 2874 501 2926 et
522 2866 577 2926 Coi
600 2887 684 2926 sacra
705 2865 853 2936 Philetae,

180 2965 216 3022 In
239 2971 386 3035 vestrum,
410 2984 534 3044 quaes0,
558 2983 606 3022 me
628 2963 719 3022 sinite
740 2963 783 3021 ire
805 2983 924 3022 nemus,

137 3062 268 3132 Primus
279 3078 346 3139 'egov
362 3059 518 3138 ingredior
538 3079 615 3138 puro
636 3059 674 3118 de
689 3059 780 3120 ,fonte
802 3060 943 3119 sacerdos

180 3156 258 3217 Itala
279 3178 335 3236 per
354 3157 464 3224 Graios
486 3157 571 3235 orgia
592 3156 670 3218 serre
692 3156 813 3216 choros.

136 3254 254 3326 Dicite,
279 3275 340 3334 quo
363 3254 476 3332 pariter
497 3273 618 3312 carmen
641 3253 789 3321 tenuastis
812 3253 842 3312 in
865 3254 976 3312 antro?

181 3350 289 3416 Quove
311 3350 389 3430 pede
411 3350 565 3427 ingressi?
583 3361 718 3430 quamve
739 3349 860 3408 bibistis
883 3350 1021 3429 aquam?

135 3449 190 3508 Ah
213 3447 324 3518 valeat,
349 3445 507 3506 Phoebum
529 3447 716 3527 quicumque
738 3455 875 3504 moratur
896 3446 926 3503 in
948 3447 1060 3504 armis!

182 3544 315 3603 Exactus
337 3543 422 3601 tenui
445 3544 566 3622 pumice
588 3563 695 3601 versus
716 3551 775 3614 eat,

137 3642 214 3710 Quo
233 3660 281 3698 me
303 3640 397 3698 Fama
419 3639 500 3698 levat
521 3646 600 3698 terra
623 3639 773 3713 sublimis,
797 3647 827 3697 et
848 3659 864 3697 a
886 3660 934 3700 me

182 3737 263 3796 Nata
285 3721 440 3795 coronatis
455 3737 551 3804 ¹Musa
573 3736 744 3816 triumphat
765 3736 863 3816 equis,

132 3861 136 3868 ·
186 3843 232 3888 Vie
242 3844 320 3896 priate
332 3841 370 3883 des
380 3842 501 3884 Romaene.
