2682 4258
504 173 540 210 aa
561 173 608 210 vm
631 155 730 210 rnivda
751 173 803 209 mss
819 171 950 209 neumas

226 289 308 352 tunt,
327 283 409 342 leves
431 292 502 342 sunt
522 303 529 345 :
546 284 603 341 nisi
624 284 703 357 lorte
724 291 758 342 tu
774 282 895 362 judicas
911 269 1156 366 illung'audere,
1174 281 1231 360 qui

226 379 316 438 ridet.
338 359 416 438 Milli
434 381 534 458 crede,
550 401 597 438 res
619 399 723 438 severa
757 386 804 438 est
833 400 940 438 verum
960 377 1116 456 gaudium.
1147 377 1230 444 Quid

172 481 175 493 ’
226 477 267 534 sit
283 476 366 536 istud
382 478 563 554 interrogea,
576 485 627 536 aut
643 477 723 534 unde
739 476 873 535 subeat?
888 476 1048 540 Dicamzex
1062 474 1143 532 bona
1156 494 1232 532 con-

227 573 365 644 scientia,
381 595 417 632 ex
432 573 568 631 honestis
583 573 729 646 consiliiS,
746 594 783 631 ex
796 573 888 631 rectis
904 572 1089 643 actionibus,
1104 592 1141 629 ex
1157 591 1232 628 con-

174 733 178 748 ,
227 677 345 748 temptu
371 671 583 740 fortuitorum,
607 691 644 728 ex
663 669 786 749 placido
806 669 878 728 vitae
901 676 932 727 et
952 669 1100 728 continuo
1123 675 1232 726 tenore

227 787 320 824 unam
339 767 505 845 prementis
527 767 608 824 viam
626 785 633 827 :
651 787 720 824 nam
741 765 785 824 illi
801 767 854 845 qui
877 784 914 824 ex
929 765 996 824 aliis
1014 763 1180 844 propositis
1199 763 1231 820 in

226 862 285 922 alia
302 863 490 932 transiliunt,
510 871 563 922 aut
585 884 622 921 ne
644 862 822 921 transiliunt
835 863 970 942 quidem,
990 861 1042 920 sed
1062 881 1132 920 casu
1153 880 1233 939 quo-

226 959 299 1018 dam
318 961 583 1032 transmittuntur,
608 959 763 1042 quomodo
788 959 900 1018 hahere
920 958 1088 1037 quidquam
1110 965 1232 1016 certum

227 1077 444 1116 mansurumve
469 1065 611 1136 possunt,
638 1057 778 1136 suspensi
809 1077 844 1115 ac
865 1056 961 1133 vagi?
979 1055 1072 1114 Pauci
1089 1059 1162 1112 sunt
1177 1055 1231 1132 qui

227 1147 357 1212 consilio
382 1169 414 1212 se
436 1175 552 1232 suaque
578 1155 759 1233 disponant;
786 1153 892 1222 ceteri,
917 1173 1023 1210 eorum
1050 1171 1134 1209 more
1161 1171 1233 1230 quae

227 1249 407 1308 fluminibus
427 1251 579 1324 innatant,
600 1272 661 1309 non
680 1258 764 1320 eunt,
782 1251 834 1309 sed
850 1250 1002 1308 seruntur.
1024 1247 1097 1306 Ideo
1112 1247 1234 1306 consti-

227 1346 377 1409 tuendum
397 1355 443 1406 est
459 1348 533 1426 quid
546 1348 686 1435 velimus,
707 1354 737 1406 et
754 1347 785 1404 in
803 1368 839 1406 eo
853 1345 1126 1426 perseverandum.

473 1533 559 1590 476.
581 1535 634 1590 La
652 1533 759 1590 vraie
779 1533 980 1602 grandeur.

486 1627 579 1709 (Quid
599 1629 640 1688 sit
661 1649 794 1710 maqnus
815 1627 965 1708 animus.)

164 1791 204 1854 20
270 1787 429 1866 Optimum
443 1795 489 1846 est
507 1788 570 1866 pati
584 1788 667 1867 quod
683 1788 845 1846 emendare
864 1807 924 1844 non
943 1786 1051 1866 possiS,
1069 1793 1100 1844 et
1117 1771 1235 1858 Deum,

228 1904 290 1962 quo
304 1891 429 1942 auctore
446 1891 557 1942 cuncta
579 1885 777 1963 proveniunt,
792 1884 856 1942 sine
879 1883 1121 1942 murmuratione
1139 1883 1233 1941 comi·

228 1980 298 2038 tari.
314 1980 414 2039 Malus
435 1981 522 2038 miles
544 1987 600 2051 est,
623 1981 675 2060 qui
699 1981 912 2059 imperatorem
933 2001 1058 2057 gemens
1079 1979 1233 2060 sequitur.

228 2075 328 2143 Quare
357 2078 479 2156 impigri
513 2085 606 2157 atque
638 2077 753 2135 alacres
784 2077 972 2157 excipiamus
1002 2076 1141 2155 imperia,
1177 2097 1236 2134 nec

228 2173 404 2232 deseramus
417 2173 500 2232 hunc
520 2175 622 2253 operis
640 2173 839 2254 pulcherrimi
855 2194 989 2244 cursum,
1006 2173 1056 2231 cui
1079 2173 1233 2252 quidquid

228 2270 365 2349 patimur
387 2271 538 2353 intextum
567 2277 611 2329 est
630 2291 636 2343 ;
656 2275 687 2326 et
717 2270 760 2328 sic
785 2271 978 2349 alloquamur
995 2269 1116 2340 lovem,
1142 2270 1235 2349 cujus

228 2365 437 2443 gubernaculo
460 2367 554 2424 moles
580 2367 637 2425 ista
659 2365 814 2445 dirigitur,
840 2364 1097 2446 quemadmodum
1120 2365 1234 2424 Clean-

228 2462 296 2522 thes
313 2470 416 2520 noster
432 2463 572 2521 versibus
587 2463 796 2522 disertissimis
809 2463 978 2542 alloquitur
994 2482 1000 2522 ζ
1017 2483 1094 2541 quos
1106 2462 1181 2520 mihi
1201 2463 1234 2540 iu

148 2632 152 2643 ἱ
229 2566 369 2617 nostrum
391 2580 563 2617 sermonem
587 2568 706 2619 mutare
727 2561 927 2639 permittitur,
950 2558 1118 2627 Ciceronis,
1136 2558 1235 2616 diser-

228 2655 339 2714 tissimi
363 2655 432 2728 viri,
453 2657 614 2740 exemplo.
646 2657 678 2715 Si
703 2657 887 2736 placuerint,
918 2656 991 2714 boni
1020 2656 1170 2722 consules
1201 2655 1232 2714 Si

228 2751 451 2831 displicuerint,
480 2754 557 2811 scies
577 2775 625 2811 me
651 2753 682 2810 in
704 2752 762 2811 hoc
788 2739 927 2833 secutum
952 2753 1110 2833 Ciceronis
1131 2773 1234 2810 exem-

229 2848 327 2929 plum.

309 2946 457 3016 Duc'me‚
481 2968 499 3005 ο
521 2967 630 3026 parens
652 2947 788 3025 celsique
810 2947 986 3007 dominator
1007 2947 1094 3027 poli,v

312 3042 513 3121 Quocumque
535 3044 675 3123 placuit:
700 3043 782 3103 nulla
805 3043 933 3122 parendi
955 3064 1039 3101 mora
1061 3051 1118 3102 est.

309 3140 429 3198 Adsum
452 3140 594 3218 impiger.
620 3141 680 3198 Fac
703 3139 794 3208 nolle,
819 3139 989 3199 comitabor
1009 3160 1148 3216 gemens,
1234 3191 1236 3194 .

309 3236 474 3314 Malusque
496 3237 595 3315 patiar
617 3237 697 3315 quod
722 3237 784 3315 pati
808 3237 896 3295 licuit
916 3236 1008 3295 h0n0.

229 3377 234 3392 2
310 3335 437 3393 Ducunt
457 3333 612 3391 volentem
635 3335 708 3400 lata,
733 3333 886 3392 nolentem
911 3333 1047 3392 trahunt.

229 3434 279 3498 Sic
299 3432 452 3502 vivamus,
472 3431 515 3488 sic
540 3431 726 3509 loquamur:
754 3438 877 3509 paratos
901 3451 955 3488 nos
978 3430 1115 3508 inveniat
1136 3439 1230 3510 atque

228 3529 378 3609 impigros
409 3529 517 3587 latum.
550 3528 607 3586 Hic
634 3535 679 3585 est
709 3548 838 3606 magnus
872 3528 1003 3594 animus,
1021 3528 1074 3606 qui
1105 3548 1136 3585 se
1165 3528 1233 3586 Deo

229 3626 379 3687 tradidit:
397 3633 544 3684 atcontra
561 3625 611 3682 ille
624 3624 754 3703 pusillus
770 3633 801 3683 et
816 3625 957 3701 degener,
975 3624 1026 3702 qui
1040 3623 1236 3694 obluctatum

227 3724 317 3784 etde
337 3723 444 3780 ordine
464 3722 569 3781 mundi
590 3721 667 3780 male
690 3721 854 3795 existimat,
874 3728 905 3780 et
926 3721 1090 3780 emendare
1114 3721 1232 3780 mavult

227 3818 302 3878 deos
316 3839 409 3898 quam
425 3839 466 3879 se.
