2678 4250
211 141 319 201 rodsm.
333 174 371 182 -
389 145 503 202 rotariis.
521 175 559 186 -
571 145 745 208 ducenannis.
760 177 799 186 -
813 163 976 201 centanas·
993 177 1032 188 -
1046 145 1206 202 andrenes

450 709 536 768 330.
556 712 727 768 Bonheur
746 712 813 768 des
832 711 971 781 poetes.

490 908 546 990 (De
567 918 728 992 poetarum
748 911 922 992 felicitate.)

135 1383 190 1442 nh.
241 1376 286 1436 Ne
308 1376 466 1436 fortunam
485 1378 610 1459 quidem
632 1386 738 1438 vatum
758 1399 935 1459 comparare
952 1377 1107 1437 timuerim
1133 1397 1213 1436 cum

199 1472 337 1552 inquieta
358 1482 389 1533 et
412 1475 503 1534 anxia
523 1483 681 1535 oratorum
701 1477 775 1535 vita.
797 1477 880 1536 Licet
901 1477 968 1534 illos
988 1473 1156 1534 certamina
1174 1481 1214 1534 et

199 1570 334 1649 pericula
361 1593 416 1630 sua
439 1571 478 1629 ad
495 1573 673 1631 consulatus
697 1575 866 1647 evexerint,
890 1573 971 1632 malo
1004 1590 1146 1630 securum
1174 1578 1213 1631 et

199 1675 352 1726 secretum
377 1668 506 1745 Vergilii
526 1690 692 1740 secessum,
719 1670 751 1727 in
777 1691 839 1749 quo
866 1679 968 1728 tamen
994 1688 1093 1746 neque
1119 1668 1209 1746 apud

199 1763 304 1823 divum
314 1768 488 1841 Augustum
501 1766 596 1842 gratia
609 1766 709 1823 caruit
719 1786 818 1846 neque
831 1765 913 1846 apud
922 1764 1072 1846 populum
1085 1764 1211 1822 Roma·

198 1881 271 1919 num
288 1862 418 1920 notitia:
435 1870 527 1920 testes
543 1863 676 1940 Augusti
696 1863 849 1941 epistolae;
872 1863 959 1922 testis
973 1863 1039 1940 ipse
1054 1860 1206 1941 populuS,

197 1957 261 2037 qui,
279 1958 391 2016 auditis
411 1959 442 2015 in
463 1959 583 2017 theatro
604 1959 743 2017 versibus
762 1959 901 2036 Vergilii,
923 1958 1057 2017 surrexit
1076 1957 1210 2016 univer-

197 2075 259 2126 suS,
274 2062 304 2112 et
317 2055 395 2113 lorte
410 2064 592 2134 praesentem
615 2063 865 2135 spectantemque
881 2055 1050 2134 Vergilium
1076 2074 1210 2114 venera·

196 2156 247 2209 tus
262 2159 308 2210 est
322 2152 365 2210 sic
376 2153 462 2230 quasi
475 2156 659 2228 Angustum.
675 2153 719 2211 Ne
731 2154 844 2212 nostris
860 2153 984 2232 quidem
999 2151 1206 2231 temporibuS,

197 2247 357 2306 Secundus
382 2249 571 2328 Pomponius
601 2251 677 2307 Afro
707 2251 843 2308 Domitio
868 2249 916 2308 vel
943 2248 1093 2326 dignitate
1126 2247 1207 2306 vitae

196 2343 244 2402 vel
261 2345 465 2423 perpetuitate
484 2345 574 2403 lamae
590 2347 725 2406 cesserit.
751 2348 827 2404 Nam
840 2346 968 2426 Crispus
979 2353 1010 2404 et
1022 2343 1204 2414 MarcelluS,

196 2440 383 2520 adquorum
408 2443 547 2521 exempla
567 2463 615 2501 me
638 2464 741 2514 vocae,
766 2443 839 2522 quid
861 2442 975 2502 habent
1001 2443 1034 2500 in
1060 2441 1117 2500 hac
1144 2460 1206 2500 sua

196 2537 320 2596 fortuna
340 2538 645 2617 concupiscendum?
670 2540 752 2619 quod
778 2541 898 2610 timent,
923 2559 961 2596 an
986 2537 1069 2618 quod
1087 2536 1204 2597 timen-

196 2637 266 2694 tur?
290 2634 373 2714 quod
397 2656 467 2694 cum
490 2637 629 2717 quotidie
653 2636 769 2717 aliquid
788 2643 947 2714 rogentur,
971 2635 1020 2693 vel
1042 2635 1063 2692 ii
1085 2631 1202 2713 quibus

196 2739 356 2811 praestant,
372 2732 597 2812 indignantur?
613 2734 664 2792 Me
684 2754 757 2792 vero
777 2734 892 2806 dulceS,
917 2740 951 2792 ut
967 2731 1119 2810 Vergilius
1140 2730 1197 2804 ait,

196 2828 294 2887 Musae
312 2837 464 2888 remotum
484 2851 500 2888 a
520 2829 781 2888 sollicitudinibus
802 2837 832 2887 et
853 2830 934 2888 curis
958 2837 990 2888 et
1013 2826 1201 2886 necessitate

196 2925 336 3005 quotidie
356 2925 472 3005 aliquid
498 2935 603 2986 contra
635 2926 772 2985 animum
801 2925 934 2984 faciendi
963 2926 995 2983 in
1017 2923 1068 2983 illa
1108 2943 1198 2982 sacra

194 3021 325 3103 illosque
350 3023 452 3082 tontes
477 3024 577 3083 lerant
607 3041 613 3082 :
639 3043 694 3081 nec
718 3023 860 3081 insanum
884 3023 961 3082 ultra
987 3028 1017 3080 et
1042 3020 1198 3080 lubricum

193 3119 295 3178 lorum
318 3121 495 3200 famamque
518 3119 682 3199 pallentem
703 3119 842 3200 trepidus
863 3119 1014 3199 experiar.
1045 3118 1115 3176 Non
1145 3135 1197 3174 me

193 3217 334 3276 fremitus
356 3216 556 3275 salutantium
589 3237 645 3274 nec
673 3216 820 3274 anhelans
844 3217 973 3274 libertus
992 3215 1116 3286 excitet,
1140 3232 1200 3272 nee

192 3312 329 3372 incertus
359 3313 454 3372 loturi
484 3319 702 3371 testamentum
725 3333 781 3392 pro
812 3314 940 3394 pignore
965 3311 1106 3383 scribam,
1140 3329 1199 3368 nec

192 3410 261 3488 plus
281 3410 409 3468 habeam
439 3430 530 3490 quam
562 3408 645 3489 quod
672 3409 785 3488 possim
814 3410 864 3468 cni
896 3409 988 3467 velim
1020 3408 1198 3486 relinquere

192 3507 391 3587 (quandoque
415 3507 495 3566 enim
512 3506 614 3565 letalis
630 3513 661 3564 et
678 3526 765 3563 meus
782 3504 848 3564 dies
871 3506 999 3585 veniet),
1014 3512 1197 3582 statuarque

191 3603 311 3662 tumulo
332 3623 393 3661 non
411 3610 535 3661 maestus
554 3609 584 3661 et
603 3610 702 3674 atrox,
722 3602 775 3660 sed
793 3601 896 3661 hilaris
918 3608 949 3662 et
963 3607 1140 3670 coronatus,
1165 3607 1198 3660 et

190 3720 247 3780 pro
258 3700 406 3783 memoria
420 3699 479 3758 mei
495 3719 551 3761 nec
564 3699 705 3759 consulat
722 3699 885 3779 quisquam
904 3719 959 3758 nec
974 3704 1073 3777 roget.

611 3885 770 3935 -232-
