2670 4252
509 201 709 240 rssraucrmx:
730 217 768 224 -
789 192 948 240 anucarros

232 310 322 390 hujus
340 309 474 368 lasciviae
491 310 626 370 flosculis
639 311 721 391 capti
736 311 895 391 voluptate
910 332 1004 391 prava
1022 311 1228 382 deleniantur,

231 415 266 464 ut
280 407 434 485 praedulce
452 407 527 466 illud
543 429 639 484 genus
650 417 680 466 et
690 408 860 487 puerilibus
880 409 1010 485 ingeniis
1026 408 1084 466 hoc
1097 407 1229 485 gratiuS,

230 523 292 582 quo
314 505 441 583 propius
462 513 518 577 est,
537 504 691 564 adament.
712 506 820 563 Firmis
841 512 943 564 autem
959 503 1085 585 judiciis
1102 505 1230 584 jamque

230 608 315 658 extra
340 601 510 680 periculum
535 601 643 681 positis
668 602 814 660 suaserim
832 609 863 660 et
887 601 1030 681 antiquos
1053 601 1168 678 legere,
1190 621 1229 659 ex

229 697 340 776 quibus
360 697 386 755 si
404 706 578 757 assumatur
595 698 693 757 solida
714 719 749 758 ac
769 699 866 757 virilis
890 698 1004 776 ingenii
1024 699 1082 768 vis,
1106 697 1231 756 deterso

229 793 314 852 rudis
333 794 437 854 saeculi
456 796 608 875 squalore,
632 803 697 855 tum
715 802 820 854 noster
842 795 891 853 hic
910 795 1011 854 cultus
1028 794 1141 854 clarius
1164 793 1231 852 eni-

229 898 323 949 tescet
343 947 349 964 ,
363 898 394 949 et
406 913 513 966 novos,
527 892 638 972 quibus
650 899 682 950 et
693 892 766 971 ipsis
779 892 876 951 multa
887 893 986 950 virtus
997 891 1084 950 adest
1101 938 1108 952 .
1121 891 1229 970 Neque

228 988 309 1045 enim
334 1008 390 1046 nos
411 989 564 1047 tarditatis
585 996 693 1048 natura
717 988 886 1061 damnavit,
908 989 960 1048 sed
983 988 1102 1048 dicendi
1128 995 1231 1046 muta-

227 1085 329 1143 vimus
342 1106 437 1162 genus
451 1092 481 1144 et
493 1086 571 1144 ultra
584 1086 673 1144 nobis
686 1107 776 1166 quam
790 1086 953 1166 oportebat
965 1086 1165 1144 indulsimus:
1183 1085 1227 1143 ita

228 1190 364 1240 nontam
379 1183 501 1260 ingenio
514 1182 557 1240 illi
571 1203 627 1241 nos
640 1191 823 1261 superarunt
835 1204 926 1262 quam
939 1183 1063 1263 proposi
1069 1190 1110 1241 to,
1127 1181 1227 1240 Multa

228 1299 299 1356 crgo
314 1279 420 1338 licebit
430 1279 558 1357 eligere3
573 1279 625 1338 sed
640 1279 810 1338 curandum
823 1279 891 1348 erit,
911 1300 948 1338 ne
964 1280 1011 1350 iis,
1031 1279 1143 1358 quibus
1156 1299 1229 1357 per-

228 1377 323 1434 mixta
340 1383 422 1449 sunt,
436 1377 648 1456 inquinentur.

280 1580 340 1637 55.
357 1579 430 1648 Que
445 1579 484 1636 la
497 1578 638 1636 lecture
654 1577 821 1635 n’e'touffe
836 1591 907 1666 pes
922 1574 1172 1648 l'ortgtnalite'.

436 1665 497 1746 (Ne
518 1665 644 1747 ingenia
664 1665 794 1748 dependo
816 1665 1014 1744 obruantur.)

158 1809 200 1874 2Θ
267 1807 503 1887 Concoquamus
524 1807 575 1865 illa
593 1828 661 1886 quae
681 1807 831 1884 legimus:
854 1807 968 1886 alioqui
988 1807 1020 1865 in
1043 1804 1226 1864 memoriam

226 1903 326 1976 ibunt,
356 1905 474 1962 nonin
503 1904 672 1982 ingenium.
704 1903 919 1962 Assentiamur
944 1903 1005 1962 illis
1030 1902 1171 1972 fideliter,
1197 1907 1229 1957 et

226 2010 329 2061 nostra
343 2001 501 2072 faciamus
514 2008 548 2060 ut
566 2020 660 2059 unum
682 2000 828 2080 quiddam
844 2001 899 2058 fiat
915 2022 952 2058 ex
969 2000 1086 2060 multis,
1103 1997 1225 2066 Omnia,

225 2099 337 2178 quibus
348 2105 394 2157 est
404 2098 527 2178 adjutus
539 2097 659 2155 animus
669 2104 784 2168 noster,
798 2096 980 2166 abscondat;
994 2097 1093 2176 ipsum
1106 2102 1227 2153 tantum

224 2194 377 2265 ostendat,
406 2194 490 2274 quod
510 2195 620 2254 ellecit.
648 2193 745 2251 Etiam
769 2193 793 2252 si
818 2193 906 2273 cujus
931 2194 963 2252 in
983 2201 1013 2252 te
1036 2189 1227 2271 comparebit

224 2291 404 2364 similitudo,
419 2311 509 2370 quem
528 2290 689 2349 admiratio
706 2290 762 2348 tibi
780 2289 871 2348 altius
887 2291 997 2361 fixerit,
1015 2290 1143 2347 similem
1160 2308 1229 2346 esse

224 2395 254 2446 te
267 2388 339 2446 volo
360 2387 516 2466 quomodo
536 2387 643 2458 filium,
665 2408 727 2446 non
747 2387 903 2466 quomodo
917 2388 1080 2465 imaginem
1097 2405 1104 2446 5
1123 2386 1227 2462 imago

223 2506 272 2543 res
293 2492 489 2543 mortuaest.
511 2484 589 2551 Quid
615 2485 710 2560 ergo‘l
731 2505 793 2542 non
811 2483 1007 2561 intellegetur
1021 2483 1110 2562 cujus
1125 2482 1226 2540 imite-

223 2582 265 2640 ris
276 2583 470 2640 orationem?
484 2581 573 2661 cujus
591 2581 781 2640 sententias?
800 2581 878 2640 Puto
898 2580 1065 2660 aliquando
1081 2600 1119 2638 ne
1134 2578 1225 2637 intel-

223 2678 283 2756 legi
311 2679 434 2759 quidem
457 2699 558 2759 posse.
587 2679 655 2736 Non
678 2677 763 2736 vides
786 2699 877 2757 quam
898 2661 1065 2736 mullorum
1095 2675 1225 2735 vocibus

222 2776 335 2835 chorus
354 2778 498 2835 constet?
518 2796 596 2832 unus
616 2781 718 2832 tamen
734 2795 771 2832 ex
791 2775 935 2832 omnibus
956 2795 1049 2832 sonus
1067 2773 1224 2844 redditur;

222 2873 325 2952 aliqua
344 2873 407 2931 illic
427 2881 516 2931 acuta
539 2880 594 2942 est,
620 2871 720 2950 aliqua
741 2872 853 2950 gravis,
879 2872 980 2952 aliqua
1000 2872 1114 2942 media;
1138 2890 1226 2928 acce-

223 2971 301 3029 dunt
319 2970 394 3028 viris
416 2970 548 3040 leminea,
567 2970 808 3048 interponuntur
831 2959 929 3040 tibiae3
951 2968 1142 3045 singulorum
1161 2965 1226 3024 illic

222 3068 319 3126 latent
345 3088 447 3138 voces,
468 3067 605 3125 omnium
636 3072 797 3144 apparent.
826 3067 871 3124 De
900 3065 994 3124 choro
1020 3066 1100 3137 dico,
1131 3083 1225 3144 quem

221 3172 340 3223 veteres
362 3162 537 3242 philosophi
566 3161 727 3222 noverantss
754 3163 787 3220 ln
813 3163 1081 3221 commissionibus
1110 3162 1225 3220 nostris

221 3261 291 3341 plus
317 3267 476 3319 cantorum
504 3266 549 3318 est
572 3279 663 3338 quam
692 3259 722 3316 in
748 3259 876 3318 theatris
910 3260 982 3317 olim
1015 3266 1224 3338 spectatorum

221 3359 305 3416 luit:
329 3379 396 3416 cum
415 3378 520 3415 omnes
541 3356 609 3414 vias
626 3355 702 3413 ordo
720 3357 894 3414 canentium
912 3357 1062 3435 implevit,
1080 3364 1110 3414 et
1128 3376 1223 3414 cavea

221 3454 425 3513 aeneatoribus
438 3455 537 3511 cincta
552 3459 609 3524 est,
625 3460 706 3510 etex
723 3453 845 3532 pulpito
862 3473 952 3512 omne
966 3454 1109 3511 tibiarum
1124 3473 1222 3529 genus

222 3571 467 3630 organorumque
482 3550 657 3620 consonuit,
672 3551 707 3608 lit
723 3558 891 3609 concentus
905 3572 941 3609 ex
956 3551 1099 3609 dissonis
1116 3550 1222 3609 Talem

222 3669 287 3708 esse
306 3647 441 3706 animum
462 3653 599 3704 nostrum
620 3647 702 3718 volo,
723 3654 757 3704 ut
777 3647 881 3705 multae
899 3648 930 3704 in
945 3647 998 3706 illo
1016 3655 1108 3722 arteS,
1125 3647 1222 3708 multa

221 3751 375 3824 praecepta
393 3743 465 3819 sint,
482 3742 648 3802 multarum
673 3751 798 3801 aetatum
823 3744 972 3825 exempla,
992 3744 1045 3806 sed
1069 3744 1101 3802 in
1124 3765 1222 3804 unum

221 3842 406 3920 conspirata.
704 3920 737 3972 38
