2656 4258
308 153 390 212 118.
409 155 458 211 Le
477 151 697 212 utlibetelre
717 153 741 210 a
758 155 881 210 Rome.

261 274 336 356 (Qui
353 274 474 358 suerint
494 273 631 336 Romani
649 273 780 336 caelibis
798 273 926 358 mores.)

7 443 8 510 l
96 453 171 512 Nam
193 451 338 534 equidem
364 451 447 514 haud
473 472 542 512 sum
568 458 660 511 natus
684 471 783 512 annos
808 457 921 532 praeter
940 452 1095 536 quinqua<
1120 447 1161 514 2·

112 600 115 612 .
183 541 185 546 ⁵
771 547 873 630 [ginta
895 555 927 608 et
947 557 1092 629 quatuor.

94 646 181 706 Clare
198 644 297 706 oculis
314 645 415 719 video,
432 645 542 728 pernix
556 665 625 706 sum
639 645 782 726 pedibus,
797 644 939 705 manibus
954 645 1092 721 mobilis;

94 741 349 802 incommoditate
370 742 525 802 abstinere
550 763 599 802 me
621 742 703 822 apud
725 742 871 802 convivas
893 742 1054 802 commode
1105 779 1106 782 =

7 887 8 918 3
93 839 308 911 Commemini,
332 846 363 898 et
384 861 461 899 meae
488 839 636 899 orationis
657 839 774 920 justam
796 846 916 920 partem
937 838 1094 920 persequij

93 937 131 1004 Et
150 937 251 996 meam
272 943 392 1017 partem
413 935 521 995 itidem
543 942 645 996 tacere
666 956 760 1016 quom
781 937 912 996 alienast
933 935 1043 996 oratio.

7 1035 9 1102 ξ
95 1033 194 1092 Licuit
213 1053 341 1092 uxorem
363 1033 500 1092 dotatam
522 1053 633 1112 genere
654 1053 775 1092 summo
797 1032 934 1094 ducere:

7 1129 9 1204 ζ
91 1129 151 1188 Sed
172 1129 245 1189 nolo
266 1129 342 1188 mihi
364 1129 593 1190 oblatratricem
615 1129 646 1187 in
669 1126 743 1188 aedis
764 1128 982 1190 intromittere.

7 1211 9 1250 l
91 1227 169 1284 Nam
196 1226 278 1285 bona
306 1246 385 1286 uxor
410 1247 504 1286 suave
529 1226 667 1300 ductast,
691 1226 716 1284 si
742 1226 784 1284 sit
803 1246 934 1306 usquam
955 1225 1094 1304 gentium

93 1322 152 1381 Ubi
170 1322 320 1402 capessit
339 1322 483 1383 inveniri.
500 1323 616 1381 Verum
636 1342 732 1400 egone
752 1343 818 1381 eam
838 1321 948 1381 ducam
967 1321 1094 1392 domurn

7 1487 9 1508 μ
89 1419 165 1486 Quae
187 1419 263 1478 mihi
284 1439 452 1500 numquam
474 1419 533 1478 hoc
553 1417 664 1482 dicat?
692 1442 706 1474 a
730 1439 808 1499 eme,
835 1418 877 1478 mi
898 1415 1093 1494 vir‚'lanam,

7 1577 9 1598 Ι
520 1511 523 1519 ’
771 1515 867 1596 [unde
887 1515 945 1575 tibi
966 1515 1094 1596 pallium

90 1611 246 1671 Malacam
259 1618 290 1670 et
302 1611 435 1671 calidum
450 1611 643 1686 conficiatur,
655 1612 830 1694 tunicaeque
842 1612 978 1672 hibernae
992 1613 1094 1689 bonae,

7 1695 8 1740 3
91 1707 137 1768 Ne
163 1707 265 1787 algeas
297 1708 355 1768 hac
391 1707 492 1768 hieme
548 1733 564 1766 r>
594 1708 666 1790 (hoo
699 1729 869 1790 numquam
899 1710 1027 1768 verbum
1057 1731 1096 1770 ex

830 1805 939 1885 [uxore
954 1805 1093 1886 audias);

89 1897 208 1961 Verum
233 1901 415 1982 priusquam
437 1901 509 1980 galli
535 1907 671 1977 cantent,
699 1923 768 1984 quaa
788 1923 838 1962 me
859 1923 875 1962 e
897 1923 1005 1962 somno
1027 1893 1100 1961 sus-¹
1159 1945 1161 1950 ,

941 1997 1094 2078 [suscitet‚

7 2085 8 2088 ¹
89 2095 200 2155 Dicat:
215 2119 229 2152 u
246 2093 296 2178 da,
311 2095 355 2154 mi
371 2094 431 2170 vir,
447 2094 582 2180 calendis
597 2115 695 2154 meam
710 2095 764 2175 qui
775 2103 903 2155 matrem
918 2113 1092 2154 monerem·

89 2191 205 2270 Datqui
215 2191 338 2264 farciat,
355 2191 393 2260 de
408 2191 461 2272 qui
472 2191 608 2266 condiat,
622 2193 660 2252 da
671 2193 754 2272 quod
769 2193 839 2260 dem
856 2192 1090 2274 quinquatribus

8 2301 9 2362 f
90 2287 299 2362 Praecantrici‚
326 2287 517 2367 conjectum,
541 2287 668 2348 hariolae
689 2295 781 2369 atque
803 2289 974 2372 haruspicae
998 2315 1025 2350 ».

90 2385 166 2442 Haec
187 2391 280 2465 atque
302 2385 399 2468 liujus
421 2385 533 2444 similia
555 2385 614 2445 alia
636 2386 747 2444 damna
768 2386 865 2445 multa
886 2387 1051 2446 mulierum

8 2479 9 2526 Ὗ
90 2481 141 2540 Me
153 2501 247 2566 uxore
258 2481 424 2561 prohibent
434 2482 511 2541 mihi
524 2502 593 2564 quae
606 2481 698 2564 hujus
709 2482 823 2542 similes
834 2503 990 2544 sermones
1000 2489 1094 2544 serat.

414 2737 495 2794 119.
516 2739 587 2795 Les
606 2737 777 2795 racheux.

213 2848 254 2857 '⁸
368 2857 454 2947 Ι(ΒΘ
476 2857 789 2951 interpellatoribus.)
894 2821 898 2858 i

127 3035 176 3094 De
199 3035 365 3116 pangendo
389 3034 472 3116 quod
501 3055 550 3094 me
575 3034 682 3095 crebro
710 3035 895 3112 adhortaris,
923 3036 989 3098 fieri
1018 3038 1095 3098 nihil
1121 3038 1163 3105 2·

86 3139 203 3210 potest.
221 3131 387 3216 Basilicam
400 3131 509 3204 habeo,
525 3153 588 3192 non
600 3133 716 3202 villam,
732 3134 904 3214 frequentia
916 3135 1095 3194 Formiano-

7 3247 8 3256 *
86 3227 253 3311 rum.·Sed
277 3227 388 3287 omitto
411 3229 548 3307 vulgus:
575 3237 647 3310 post
672 3230 779 3290 horam
801 3239 944 3311 quartam
972 3232 1094 3291 molesti
1158 3215 1160 3219 Α

84 3324 184 3384 ceteri
206 3335 270 3384 n'ou
289 3331 371 3386 sunt.
395 3325 430 3386 C.
448 3326 556 3385 Arrius
577 3327 737 3407 proximus
759 3335 806 3387 est
827 3329 975 3390 vicinus:
1000 3329 1095 3388 immo

85 3421 137 3480 ille
149 3420 278 3502 quidem
287 3421 352 3502 jam
362 3419 602 3497 contubernalis,
621 3424 675 3504 qui
685 3424 776 3483 etiam
789 3445 820 3484 se
830 3423 946 3484 idcirco
962 3426 1093 3486 Romam

84 3518 129 3577 ire
151 3526 259 3597 negat,
282 3525 318 3578 ut
337 3518 387 3579 hic
409 3539 530 3579 mecum
552 3527 634 3580 totos
655 3521 719 3579 dies
739 3521 985 3601 philosophetur.
1014 3524 1093 3582 Ecce

83 3636 121 3698 ex
148 3615 247 3674 altera
269 3621 361 3695 parte
381 3616 527 3690 Sebosus,
554 3616 605 3676 ille
628 3616 731 3677 Catuli
757 3617 929 3679 familiaris.
955 3619 1022 3688 Quo
1044 3640 1093 3678 me

80 3713 231 3771 vertam?
252 3711 357 3792 statim
378 3712 552 3774 mehercule
575 3714 732 3794 Arpinum
752 3713 839 3788 irem,
863 3715 895 3774 ni
914 3723 944 3776 te
964 3715 1094 3774 in'For·

522 3901 663 3956 -832
