2656 4258
149 178 229 233 188.
254 179 305 232 De
324 178 364 233 la
381 178 491 232 vente
514 177 637 235 notive
662 176 815 246 appelee
840 175 1075 246 mancipatio.

151 278 210 358 (De
227 279 418 363 imayinaria
432 279 608 340 venditione
623 301 693 362 qnae
711 279 900 362 mancipatio
916 279 1067 362 vocatur.)
1100 355 1101 362 ἵ

148 438 338 518 Mancipatio
365 450 411 499 est
433 439 611 516 imaginaria
634 439 772 520 quaedam
796 439 950 514 venditio;
973 435 1057 520 quod
1081 424 1112 498 et
1137 435 1177 500 θ’

107 536 205 614 ipsum
214 536 268 614 jus
284 536 444 616 proprium
455 535 571 595 civium
587 537 801 594 Romanorum
815 543 872 595 est.
889 537 993 617 anue
1005 556 1054 593 res
1068 535 1112 596 ita

106 632 226 709 agitur:
241 633 386 691 adhibitis
400 654 460 691 non
473 633 576 691 minus
590 653 682 713 quam
696 633 833 712 quinque
848 632 978 691 testibus
990 631 1112 702 civibus

107 729 255 789 Romanis
270 729 449 809 puberibus,
465 737 496 790 et
515 736 664 809 praeterea
680 728 742 788 alio
755 729 892 809 ejusdem
907 720 1109 801 condicionis,

107 825 161 905 qui
178 825 286 884 libram
304 847 420 886 aeneam
438 834 553 898 teneat,
570 826 622 906 qui
644 824 818 906 appellatur
837 825 996 905 libripens,
1015 825 1041 883 is
1059 825 1112 905 qui

106 923 262 1002 mancipio
277 923 401 1002 accipit,
418 943 482 981 rem
497 929 605 982 tenens
625 922 667 982 ita
682 923 779 982 dicit:
802 948 816 978 «
833 922 915 981 hunc
938 943 995 999 ego
1011 920 1112 980 homi-

105 1039 175 1078 nem
193 1039 230 1078 ex
243 1018 314 1099 jure
331 1019 496 1087 Quiritium
512 1040 614 1080 meum
635 1040 700 1079 esse
717 1020 776 1091 aio,
794 1019 880 1100 isque
897 1018 974 1077 mibi
986 1025 1111 1098 emptus

103 1123 173 1174 esto
195 1116 253 1174 hoc
269 1137 327 1175 aere
349 1120 495 1197 aeneaque
516 1116 610 1192 libra3
631 1115 741 1175 deinde
759 1137 818 1174 aere
837 1115 972 1195 percutit
987 1114 1108 1187 libram,

102 1212 199 1291 idque
211 1233 251 1272 aes
264 1212 317 1273 dat
330 1212 357 1271 ei
376 1234 392 1271 a
412 1215 475 1294 qu‘o
493 1212 647 1294 mancipio
666 1212 789 1291 accipit,
806 1212 893 1292 quasi
915 1212 1006 1292 pretii
1027 1211 1108 1272 loco.

103 1311 150 1368 Eo
165 1309 258 1368 modo
278 1318 309 1369 et
325 1309 454 1368 serviles·
467 1317 498 1369 et
512 1309 617 1368 liberae
627 1328 779 1388 ¹'personae
798 1309 1028 1388 mancipantur;
1044 1308 1111 1368 ani*

102 1405 195 1465 malia
211 1425 334 1486 quoque
346 1427 416 1486 quae
434 1405 566 1486 mancipi
580 1415 663 1476 sunt,
685 1427 746 1486 quo
766 1406 796 1464 in
817 1426 945 1465 numero
960 1405 1112 1465 habentur

102 1505 211 1576 boves,
233 1499 314 1582 equi,
335 1501 422 1574 muli,
445 1502 634 1575 asini,'item
656 1503 771 1582 praedia
792 1511 855 1562 tam
878 1503 994 1562 urbana
1019 1523 1111 1582 quam

102 1599 230 1668 rustica,
240 1619 309 1679 quae
320 1599 425 1678 etipsa
436 1589 568 1678 mancipi
580 1607 662 1671 sunt,
675 1599 775 1680 qualia
787 1608 859 1658 sunt
870 1599 1109 1672 Italica,'e0dem

101 1696 197 1756 modo
213 1696 313 1755 solent
332 1696 510 1776 mancipari.
528 1696 563 1754 ln
581 1717 617 1755 eo
635 1696 700 1755 solo
719 1696 907 1776 praediorum
922 1696 1110 1776 mancipatio

101 1815 118 1853 a
141 1801 316 1854 ceterorum
340 1793 567 1872 mancipatione
587 1793 699 1866 differt,
724 1792 807 1872 quod
827 1813 966 1872 personae
986 1792 1111 1854 serviles
1168 1843 1173 1858 ,

100 1899 133 1950 et
148 1890 266 1962 liberae,
280 1890 355 1949 item
363 1889 512 1949 animalia
525 1911 593 1970 quae
605 1889 739 1969 mancipi
755 1897 837 1957 sunt,
852 1889 909 1947 nisi
929 1890 960 1947 in
977 1910 1112 1970 praesen-
1169 1887 1173 1894 ’

1 2024 2 2054 r
100 1989 146 2047 tia
165 1987 237 2060 sint,
256 1986 425 2066 mancipari
444 2008 506 2046 non
525 1993 666 2066 possunt,
683 1986 759 2045 adeo
774 1986 898 2066 quidem
919 1993 954 2046 ut
970 2007 1040 2046 eum
1058 1985 1111 2066 qui

1 2073 2 2104 ³
100 2083 261 2162 mancipio
279 2083 392 2162 accipit
408 2083 642 2162 apprehendere
656 2083 688 2142 id
702 2083 802 2162 ipsum
815 2081 898 2162 quod
915 2081 942 2142 ei
957 2083 1111 2162 mancipio

97 2181 197 2240 datur
221 2199 345 2240 necesse
371 2180 426 2253 sit3
452 2181 534 2238 unde
563 2181 656 2240 etiam
683 2179 871 2259 mancipatio
890 2179 1013 2252 dicitur,
1039 2179 1111 2260 quia

104 2297 208 2336 manu
217 2297 265 2336 res
280 2276 418 2357 capitur;
437 2276 554 2357 praedia
567 2297 641 2336 vero
654 2276 790 2337 absentia
811 2276 911 2336 solent
929 2276 1109 2356 mancipari.

195 2505 275 2563 189.
295 2507 367 2563 Les
385 2505 555 2562 diverses
575 2507 699 2563 sortes
719 2508 763 2563 de
782 2506 1017 2564 testaments.

278 2609 334 2691 (De
355 2607 450 2672 variis
473 2615 727 2670 testamentorum
746 2609 941 2694 qen-eribus.)

140 2771 412 2829 'testamentorum
441 2787 552 2845 genera
582 2767 672 2828 initio
698 2769 759 2828 d'uo
783 2769 920 2829 fuerunt.
951 2770 1029 2829 Nam
1057 2777 1111 2831 aut
1136 2768 1177 2834 θ’

93 2866 212 2929 calatis
224 2865 359 2926 comitiis
375 2870 596 2924 testamentum
611 2863 776 2939 faciebant,
792 2887 860 2946 quae
875 2867 1001 2926 comitia
1017 2867 1110 2926 bisin

97 2983 189 3025 anno
201 2961 393 3021 testamentis
405 2959 554 3020 faciendis
569 2960 723 3021 destinata
736 2970 839 3037 erant;
858 2970 911 3021 aut
924 2963 955 3020 in
970 2964 1110 3041 procine-

90 3073 145 3134 tu,
177 3059 207 3117 id
230 3064 287 3132 est,
298 3078 368 3117 cum
380 3057 453 3116 belli
462 3077 554 3118 causa
578 3078 662 3118 arma
674 3058 846 3119 sumebant.
857 3059 997 3118 Alterum
1008 3060 1111 3140 itaque

91 3162 129 3218 in
152 3177 231 3237 pace
255 3153 420 3228 faciebant,
444 3155 575 3215 alterum
598 3153 631 3213 in
652 3155 796 3234 proelium
820 3155 943 3215 exituri.
973 3157 1112 3217 Accessit

90 3252 217 3315 deinde
234 3251 361 3312 tertium
379 3271 475 3330 genus
496 3251 685 3325 testamenti,
709 3252 791 3332 quod
814 3273 869 3332 per
888 3273 929 3312 aes
953 3260 984 3328 et
1002 3253 1111 3312 libram

89 3351 217 3429 agitur,
241 3347 325 3428 quod
348 3347 449 3407 solum
472 3346 503 3407 in
525 3367 581 3406 usu
610 3354 765 3408 retentum
785 3355 841 3408 est.
868 3349 971 3428 anue
994 3369 1043 3408 res
1068 3350 1111 3410 ita

86 3448 218 3526 agitur.
235 3444 295 3514 Qui
318 3443 403 3518 facit,
422 3441 580 3517 adhibitis,
597 3443 677 3504 sicut
694 3444 727 3503 in
742 3444 851 3504 ceteris
872 3445 1111 3526 mancipationi-

87 3547 172 3616 bus‚
188 3540 325 3623 quinque
339 3539 471 3600 testibus
485 3540 605 3600 civibus
625 3541 774 3600 Romanis
793 3540 963 3620 puberibus
980 3550 1011 3602 et
1025 3542 1111 3602 libri-

91 3638 218 3724 pende,
241 3645 405 3720 postquam
428 3636 549 3697 tabulas
570 3637 746 3696 testamenti
770 3636 936 3716 scripserit,
957 3639 1112 3718 mancipat

85 3734 198 3800 alicui
210 3735 288 3795 dicis
299 3733 398 3813 gratia
412 3733 559 3820 familiam
575 3755 670 3794 suam.
688 3735 722 3792 ln
737 3753 797 3815 qua
808 3754 840 3792 re
853 3735 899 3793 bis
912 3735 1012 3794 verbis
1023 3735 1111 3794 sami-

532 3951 566 3958 —
587 3921 635 3972 t31‘
656 3948 688 3962 ·-
