2682 4258
314 143 446 184 ffl'l'RES.
468 155 508 172 ···
529 145 670 184 semaeias.
693 161 733 172 ···
753 147 892 188 SAVANTS.
914 161 955 174 ···
973 148 1165 186 Pultosouflns

505 669 588 730 897.
610 657 723 742 mogo
743 673 809 730 des
828 671 971 732 lettres.

563 863 766 945 (Litterarum
785 864 917 948 laudes.)

174 1158 227 1214 nh.
280 1163 331 1222 An
344 1162 527 1222 existimatis
542 1169 596 1222 aut
613 1171 778 1244 suppetere
793 1163 882 1222 nobis
896 1185 986 1245 posse
1000 1163 1085 1246 quod
1098 1163 1241 1245 quotidie

239 1258 378 1319 dicamus
402 1259 544 1318 intanta
570 1259 720 1320 varietate
743 1281 857 1334 rerum,
890 1262 949 1320 nisi
972 1261 1090 1320 animos
1115 1267 1241 1320 nostros

166 1346 168 1355 ἱ
239 1355 379 1416 doctrina
392 1355 577 1431 excolamus,
590 1362 642 1416 aut
655 1356 735 1414 ferre
746 1357 865 1416 animos
876 1365 993 1417 tantam
1007 1377 1097 1436 posse
1110 1364 1241 1416 conten-

233 1453 366 1525 tionem,
378 1452 438 1512 nisi
449 1471 501 1512 eos
511 1451 652 1512 doctrina
662 1453 767 1512 eadem
778 1452 971 1514 relaxemus?
981 1453 1045 1532 Ego
1055 1472 1130 1512 vero
1140 1452 1241 1512 lateor

240 1569 288 1610 me
300 1550 348 1608 his
361 1548 471 1608 studiis
492 1569 558 1608 esse
578 1547 715 1608 deditum
733 1567 739 1608 :
759 1557 877 1609 ceteros
896 1543 1021 1629 pudeat,
1038 1549 1063 1608 si
1082 1549 1137 1628 qui
1151 1549 1193 1608 ita
1206 1569 1240 1607 se

238 1646 351 1706 litteris
368 1645 564 1717 abdiderunt,
584 1653 619 1704 ut
635 1645 712 1705 nihil
734 1646 854 1726 possint
870 1667 906 1705 ex
925 1646 962 1705 iis
981 1666 1081 1726 neque
1099 1645 1138 1704 ad
1156 1665 1240 1704 com·

239 1763 363 1803 munem
394 1741 514 1802 adferre
539 1744 675 1802 lructum
703 1763 802 1821 neque
828 1743 859 1801 in
873 1741 1052 1822 adspectum
1076 1742 1239 1822 lucemque
1324 1809 1325 1816 ἵ

239 1839 393 1922 prolerre3
408 1859 456 1900 me
473 1847 575 1898 autem
591 1837 666 1918 quid
678 1837 801 1916 pudeat,
818 1839 870 1917 qui
887 1846 936 1898 tot
951 1858 1048 1898 annos
1060 1838 1189 1897 ita-vivo
1204 1845 1239 1896 ut

237 1927 257 1997 a
278 1933 393 1995 nullius
413 1955 557 2015 umquam
575 1955 624 1994 me
643 1943 781 2013 tempore
804 1943 858 1994 aut
875 1934 1039 1995 commodo
1061 1941 1117 1994 aut
1139 1935 1238 1994 otium
1324 1925 1325 1964 l

238 2054 340 2094 meum
356 2031 538 2090 abstraxerit
560 2038 612 2090 aut
634 2031 777 2110 voluptas
796 2032 932 2090 avocarit
945 2039 998 2090 aut
1012 2031 1144 2111 denique
1159 2051 1240 2090 som-

239 2151 297 2190 nus
321 2128 508 2188 retardarit?
529 2130 631 2206 Atque
656 2127 738 2186 idem
761 2148 816 2205 ego
840 2127 899 2187 hoc
921 2126 1086 2201 contendo,
1109 2126 1238 2187 eumad

239 2234 381 2286 naturam
407 2225 547 2284 eximiam
571 2232 602 2283 et
624 2223 773 2284 illustrem
804 2225 966 2284 accesserit
991 2224 1070 2284 ratio
1095 2223 1238 2305 quaedam

237 2321 503 2400 conformatioque
516 2319 676 2393 doctrinae,
690 2330 755 2382 tum
769 2320 844 2380 illud
855 2321 957 2380 nescio
968 2321 1041 2400 quid
1054 2321 1239 2400 praeclarum

239 2440 275 2480 ac
296 2418 450 2495 singulare
472 2417 569 2477 solere
588 2420 754 2478 exsistere:
777 2439 814 2478 ex
838 2418 896 2477 hoc
920 2439 985 2477 esse
1004 2418 1087 2478 hunc
1108 2437 1248 2488 numero,
1323 2455 1324 2460 κ

240 2536 331 2597 quem
344 2522 447 2594 patres
460 2515 557 2573 nostri
570 2513 863 2584 videruntdivinum
876 2514 1032 2573 hominem
1043 2513 1236 2585 Africanum,
1323 2517 1324 2564 l

240 2635 277 2674 ex
289 2613 347 2672 hoc
363 2612 399 2671 C.
415 2612 553 2684 Laelium,
571 2611 604 2670 L.
621 2611 758 2682 Furium,
775 2611 1037 2671 moderatissimos
1054 2610 1195 2669 homines
1206 2617 1240 2668 et

238 2709 546 2772 continentissimos:
567 2708 620 2788 qui
641 2708 791 2786 proiecte,
808 2708 833 2766 si
853 2707 930 2766 nihil
948 2706 987 2766 ad
1006 2706 1239 2788 percipiendam

238 2806 461 2886 colendamque
477 2804 624 2864 virtutem
639 2804 750 2864 litteris
771 2803 1002 2884 adjuvarentur,
1015 2823 1184 2883 numquam
1205 2822 1239 2861 se

238 2904 278 2964 ad
299 2923 406 2962 earum
432 2900 568 2962 studium
592 2901 805 2962 contulissent.
835 2900 952 2967 Quodsi
973 2919 1036 2959 non
1058 2899 1109 2958 hic
1131 2906 1240 2958 tantus

240 3000 360 3060 fructus
384 2997 609 3068 ostenderetur,
632 3005 664 3056 et
686 2998 711 3056 si
732 3018 770 3056 ex
786 2997 833 3056 his
853 2996 963 3056 studiis
987 2995 1151 3056 delectatio
1173 2995 1239 3054 sola
1322 3075 1323 3078 Ἴ

240 3104 406 3177 peteretur,
436 3103 550 3163 tamen,
580 3102 614 3153 ut
641 3095 762 3173 opinor,
798 3092 877 3154 hano
904 3084 997 3152 animi
1024 3092 1240 3152 remissionem

237 3185 1245 3267 humanissimamacliberalissimamjudicaretis.Namceteraeres

240 3307 339 3368 neque
354 3295 528 3366 temporum
544 3292 617 3344 sunt
630 3305 730 3364 neque
745 3290 870 3342 aetatum
886 3282 1024 3342 omnium
1039 3299 1139 3360 neque
1154 3279 1241 3338 loco·

240 3404 326 3459 rum,
339 3391 371 3444 at
380 3383 446 3442 haec
459 3381 561 3441 studia
575 3380 813 3441 adulescentiam
825 3379 922 3452 alunt,
936 3383 1125 3437 senectutem
1136 3375 1243 3436 oblec-

240 3488 319 3552 tant,
345 3480 495 3540 secundas
518 3499 567 3538 res
591 3485 712 3552 ornant,
739 3476 876 3536 adversis
899 3475 1074 3554 perfugium
1100 3493 1136 3532 ao
1158 3473 1243 3532 sola·

240 3578 322 3636 cium
357 3576 506 3656 praebent,
546 3574 700 3635 delectant
734 3573 828 3646 domi,
858 3592 921 3631 non
949 3569 1121 3650 impediunt
1149 3570 1242 3644 foris,
1321 3611 1322 3660 ;

241 3679 425 3752 pernoctant
438 3671 609 3743 nobiscum,
626 3670 870 3751 peregrinantur,
887 3669 1083 3728 rusticantur.

660 3857 816 3906 -286-
