2656 4258
597 194 646 232 LES
666 195 776 232 FEMMES

192 330 309 390 Gratia.
333 329 422 397 Quod
444 331 469 389 si
491 351 602 410 anceps
623 339 724 390 metus
746 333 777 390 in
799 331 914 412 majora
936 337 1085 406 vocasset,

99 501 102 518 1
193 427 263 506 Ipsa
283 426 332 486 vel
353 425 510 490 armiferas
530 448 587 508 pro
608 429 739 508 conjuge
761 429 829 488 laeta
852 437 989 488 catervas
1119 467 1121 470 -

101 521 109 528 ”
192 523 430 604 Fulmineosque
450 524 536 602 'ignes
559 525 712 606 mediique
734 526 870 605 pericula
892 525 980 604 ponti
1047 516 1049 519 ¹

193 619 365 700 Exciperes.
392 621 504 680 Melius
525 621 607 701 quod
630 643 691 681 non
712 623 838 682 adversa
860 623 1030 703 probarunt

190 716 266 784 Quae
287 717 343 776 tibi
364 739 436 777 cura
457 719 528 790 tori,
552 728 685 799 quantus
706 739 761 800 pro
782 720 913 800 conjuge
935 719 1047 799 pallor!

173 813 251 872 -Sed
273 813 397 874 meliore
418 815 476 874 via‘
489 815 612 874 dextros
634 825 686 875 tua
708 824 779 876 vota
801 818 911 876 marito

192 911 392 970 promeruere
413 912 497 986 deoS,
521 912 593 970 dum
617 921 706 974 nocte
728 913 838 993 dieque
860 914 970 992 fatigas

192 1007 336 1081 Numina,
359 1009 432 1067 dum
454 1009 574 1070 cunctis
595 1010 723 1089 supplex
745 1010 917 1069 advolveris
937 1010 1008 1080 arie,

192 1105 231 1162 Et
251 1105 356 1165 mitem
378 1107 502 1184 genium
523 1106 640 1164 domini
661 1108 829 1185 praesentis
849 1107 968 1168 adoras.

190 1201 305 1263 Audita
327 1224 369 1277 es,
393 1203 539 1283 venitque
561 1204 657 1280 gradu
681 1203 817 1262 Fortuna
838 1203 982 1281 benigne.

192 1431 275 1489 149.
294 1435 350 1489 La
362 1431 436 1489 fille
451 1430 533 1489 d'un
548 1433 746 1500 proconsul
767 1431 923 1490 accusee
943 1431 1087 1490 d’avoir
1106 1444 1194 1489 eon·

525 1518 621 1578 sulte'
642 1520 699 1577 les
714 1521 853 1577 devius.

230 1623 418 1705 (Accusatur
424 1624 625 1706 proconsulis
632 1623 702 1706 filia
715 1624 800 1706 quod
814 1645 919 1706 maqcs
932 1623 1149 1703 consuluerit.)

126 1809 165 1874 2⁰
231 1790 322 1880 Apud
357 1809 495 1860 senatum
518 1803 653 1861 Soranus
682 1801 893 1874 accusabatur,
923 1821 993 1861 cum
1020 1800 1193 1860 discrimini

192 1898 289 1978 patris
312 1896 373 1956 filia
408 1918 522 1957 conexa
559 1923 573 1954 «
602 1899 684 1978 quod
722 1899 884 1978 pecuniam
917 1899 1014 1977 magis
1048 1896 1193 1974 dilargita

191 2002 271 2056 esset
286 2020 312 2053 ».
325 1995 423 2072 igitur
443 1995 540 2053 accita
554 2002 600 2053 est
614 1996 644 2052 in
664 2003 814 2067 senatum,
834 2002 1047 2076 steteruntque
1062 1994 1191 2066 diversi,

190 2098 262 2152 ante
277 2091 410 2150 tribunal
426 2091 598 2163 consulum,
623 2091 747 2167 grandis
763 2089 829 2149 aev'o
853 2112 972 2170 parens,
990 2098 1098 2149 contra
1114 2090 1192 2163 filia,

191 2189 270 2248 intra
287 2173 465 2246 vicesimum
487 2188 585 2245 aetatis
601 2207 725 2259 annum,
748 2208 845 2266 nuper
861 2187 971 2246 marito
992 2187 1023 2245 in
1047 2187 1193 2246 exsilium

191 2285 279 2365 pulso
295 2285 419 2342 viduata
435 2283 643 2361 desolataque,
661 2303 696 2340 ac
711 2304 749 2342 ne
763 2291 881 2362 patrem
906 2283 1030 2363 quidem
1052 2283 1192 2356 intuens,

190 2382 278 2461 cujus
289 2368 430 2439 onerasse
443 2379 576 2458 pericula
589 2378 762 2438 videbatur.
773 2380 860 2447 Tum,
878 2380 1088 2458 interrogante
1102 2399 1195 2437 accu-

190 2485 321 2537 satore«
341 2497 378 2534 an
400 2476 501 2534 cultus
519 2475 646 2548 dotales,
669 2496 705 2532 an
731 2475 903 2534 detractum
934 2475 1047 2534 cervici
1076 2475 1194 2534 monile

189 2593 303 2634 venum
326 2573 470 2643 dedisset,
496 2592 557 2652 quo
584 2571 745 2650 pecuniam
772 2572 920 2630 faciendis
945 2571 1071 2649 magicis
1096 2573 1194 2631 sacris

189 2669 434 2740 contraheret»,
458 2669 589 2747 primum
620 2675 714 2726 strata
742 2667 840 2742 humi,
875 2668 1030 2748 longoque
1056 2668 1132 2727 lletu
1162 2677 1195 2734 ,et

190 2767 322 2840 silenti0,
339 2771 411 2845 post
431 2764 537 2823 altaria
560 2772 686 2822 claram
709 2764 868 2844 complexa
886 2783 892 2826 :
909 2789 922 2818 n
941 2765 1064 2833 Nullos,
1076 2765 1195 2844 inquit,

127 2840 142 2874 ‘l
191 2865 300 2945 impios
313 2864 397 2936 deos,
414 2860 514 2920 nullas
530 2861 720 2932 devotiones,
739 2861 887 2920 necaliud
902 2860 1077 2920 infelicibus
1092 2862 1196 2941 preci-

190 2964 247 3021 bus
261 2960 414 3031 invocavi,
432 2978 523 3038 quam
541 2964 576 3015 ut
592 2957 675 3015 hunc
697 2957 847 3035 optimum
867 2965 984 3035 patrem
1005 2965 1052 3029 tu,
1074 2957 1197 3033 Caesar,

189 3067 221 3118 et
236 3079 301 3130 vos,
319 3065 433 3136 patres,
453 3053 614 3112 servaretis
629 3053 825 3112 incolumem.
844 3054 950 3112 Nescit
964 3060 1068 3112 tamen
1083 3055 1198 3113 miser-

190 3157 285 3214 rimus
300 3161 457 3234 pater;et,
484 3151 508 3208 si
532 3150 649 3208 crimen
664 3158 720 3222 est,
749 3150 812 3207 sola
831 3149 957 3230 deliqui.
979 3175 992 3203 n
1022 3151 1197 3229 Loquentis

189 3252 289 3311 adhuc
316 3251 408 3308 verba
430 3247 543 3327 excipit
565 3246 710 3316 Soranus,
744 3245 973 3326 proclamatque
995 3246 1110 3304 «illam
1129 3269 1196 3310 non

188 3348 370 3408 criminibus
395 3345 495 3404 mariti
516 3364 570 3424 per
592 3348 714 3412 aetatem
742 3362 909 3414 conexam;
939 3343 1041 3400 nimiae
1069 3351 1194 3404 tantum

190 3445 314 3526 pietatis
330 3464 412 3502 ream
428 3447 615 3520 separarent,
643 3446 736 3518 atque
752 3438 816 3516 ipse
832 3459 1059 3519 quamcumque
1075 3448 1196 3500 sortem

190 3542 352 3602 subiret».
385 3537 481 3597 Simul
509 3538 538 3594 in
568 3535 728 3614 amplexus
752 3536 941 3594 occurrentis
968 3535 1040 3594 filiae
1069 3535 1194 3608 ruebat,

191 3639 249 3697 nisi
278 3635 431 3715 interjecti
455 3634 577 3692 lictores
607 3631 745 3711 utrisque
779 3630 981 3693 obstitissent.
1010 3632 1086 3690 Mox
1111 3633 1196 3692 arbi-

190 3737 282 3794 trium
297 3733 404 3792 mortis
416 3731 533 3788 datum.

608 3913 764 3963 -104-
