2670 4252
333 217 391 274 21.
412 217 603 274 Herotsme
624 220 708 274 d'un
726 221 825 288 pere.

368 323 487 401 (Patris
510 323 589 382 mira
610 323 790 405 fortitude.)

120 463 152 524 C.
183 464 287 524 Cacsar
316 464 461 537 PastoriS,
487 463 640 544 splendidi
665 465 778 545 equitis
811 464 954 536 Romani,
982 464 1080 523 filium
1113 463 1151 528 θ’

86 581 145 618 cum
166 561 197 618 in
221 561 362 620 custodia
390 561 556 630 habuisset,
583 562 744 621 munditiis
761 562 827 642 ejus
849 571 880 620 et
898 561 1084 620 cultioribus

86 657 193 735 capillis
209 659 353 726 oll'ensuS,
367 666 493 734 rogante
518 666 604 738 patre
625 667 658 717 ut
681 659 811 717 salutem
827 658 884 716 sibi
905 658 959 716 srlii
973 677 1082 716 couce-

85 752 171 826 deret,
195 756 283 834 quasi
302 755 339 813 de
356 755 507 834 supplicio
522 755 709 828 admonitus
729 756 799 814 duci
820 755 961 834 protinus
976 755 1081 833 jussit.

87 849 125 906 lt'e
141 859 245 910 tamen
270 852 372 909 onmia
395 851 562 910 inhumane
580 853 694 910 laceret
712 852 874 912 adversum
895 859 1026 930 patrem,
1044 849 1082 910 ad

85 967 182 1005 cenam
208 947 293 1005 illum
326 948 471 1007 invitavit
496 970 531 1006 eo
554 949 612 1008 die.
637 949 729 1007 Venit
748 949 857 1007 Pastor
886 948 975 1006 vultu
1002 947 1081 1005 nihil

86 1045 295 1122 exprobrante.
314 1045 496 1124 Propinavit
510 1045 554 1103 illi
571 1046 674 1104 Caesar
689 1045 854 1117 heminam,
872 1054 903 1103 et
919 1044 1023 1124 posuit
1037 1032 1083 1102 itti

90 1125 264 1200 custodem}
285 1139 465 1220 perduravit
480 1142 580 1210 miser,
597 1162 658 1200 non
674 1143 762 1200 aliter
779 1163 871 1222 quam
896 1141 921 1199 si
940 1141 995 1199 filii
1015 1161 1084 1199 sau-

87 1238 205 1313 guinem
225 1238 355 1297 biberet.
378 1237 576 1315 Unguentum
601 1247 632 1297 et
653 1260 781 1298 coronas
799 1239 893 1308 misit,
926 1247 957 1296 et
977 1237 1084 1296 obser-

88 1355 150 1393 vare
162 1335 258 1414 jussit
275 1355 313 1393 an
327 1343 461 1394 sumeret
476 1355 482 1395 :
496 1337 637 1414 sumpsit.
651 1337 694 1394 Eo
705 1336 766 1405 die,
779 1357 840 1416 quo
851 1336 948 1394 {ilium
965 1333 1084 1393 extule-

84 1439 134 1502 rat,
147 1432 245 1489 immo
260 1451 322 1511 quo
338 1453 400 1490 non
415 1433 575 1503 extulerat,
588 1433 711 1512 jacebat
729 1434 860 1491 conviva
880 1431 1080 1502 centesimus,

27 1595 28 1602 ,
86 1535 112 1585 et
130 1514 273 1608 potiones
292 1529 345 1587 vix
369 1529 514 1588 honestas
535 1529 687 1588 natalibus
705 1530 871 1588 liberorum
894 1529 1081 1609 podagricus

86 1645 170 1683 senex
192 1625 354 1684 hauriebat
371 1643 379 1685 ε
395 1646 464 1684 cum
486 1627 607 1684 interim
627 1647 687 1683 non
708 1626 866 1684 lacriruan.
887 1625 999 1696 emisit,
1019 1645 1081 1683 non

85 1720 215 1781 dolorem
233 1721 336 1801 aliquo
357 1722 444 1800 signo
462 1744 622 1802 erumpere
639 1744 745 1802 passus
763 1731 819 1782 est.
844 1723 985 1792 Cenavit,
1003 1731 1083 1780 tam-

87 1839 171 1896 quam
193 1839 250 1897 pro
265 1817 329 1876 filio
347 1827 511 1877 exorasset.
529 1819 645 1886 Quaeris
658 1822 777 1898 quare?
791 1819 925 1878 habebat
937 1819 1080 1878 alterum.

86 1914 198 1992 Dignus
215 1915 277 1973 luit
289 1916 338 1973 cui
354 1915 546 1995 permitteret
559 1937 574 1974 a
586 1917 730 1974 convivio
744 1914 780 1974 ad
798 1937 866 1973 ossa
881 1915 936 1973 lilii
951 1915 1081 1992 legenda

83 2009 257 2071 discedere:
280 2033 318 2070 ue
340 2012 399 2070 hoe
420 2013 542 2092 quidem
567 2013 705 2091 permisit
727 2013 877 2090 benignus
902 2012 1027 2070 interim
1050 2025 1081 2074 et

82 2109 168 2167 comis
184 2109 388 2169 adulescens:
406 2109 676 2188 propinationibus
691 2130 793 2166 senem
814 2109 940 2176 crebris
959 2115 995 2167 ut
1007 2129 1079 2166 cura

83 2203 232 2276 leniretur,
255 2205 423 2264 admonens
445 2205 613 2264 lacessebat
632 2225 638 2277 ς
664 2214 771 2264 contra
791 2206 841 2264 ille
859 2226 891 2263 se
909 2205 1026 2277 laetum,
1050 2213 1082 2262 et

81 2301 205 2361 oblitum
223 2301 296 2382 quid
315 2323 351 2360 eo
368 2311 447 2361 esset
467 2310 569 2360 actum
588 2302 648 2373 die,
667 2303 824 2381 praestitit.
846 2303 984 2361 Perierat
1003 2301 1083 2361 alter

82 2398 164 2472 tilius,
185 2400 211 2458 si
227 2399 366 2458 carnifici
382 2399 513 2458 conviva
529 2419 590 2457 non
605 2399 780 2478 placuisset.

80 2583 130 2640 22.
149 2587 346 2642 Bonneurs
361 2585 498 2641 sendus
518 2597 592 2640 aux
610 2583 806 2640 vieulards
821 2585 858 2639 et
873 2596 948 2640 aux
969 2584 1080 2652 peres

470 2674 514 2728 de
534 2671 685 2728 famille.

124 2789 177 2864 [De
195 2785 367 2845 reverentia
383 2784 514 2844 senibus
530 2792 558 2844 et
568 2783 717 2866 patribus
732 2783 875 2866 familias
890 2783 1026 2864 debita.)

111 2918 203 2997 Apud
230 2917 464 2997 antiquissimos
490 2917 700 2976 Romanorum
726 2937 825 2996 neque
850 2917 953 2994 generi
978 2935 1079 2995 neque
1107 2931 1149 2994 2·

81 3016 209 3088 pecuniae
236 3014 433 3093 praestantior
463 3014 561 3072 honos
593 3014 686 3072 tribui
715 3035 806 3093 quam
840 3013 923 3072 aetati
956 3012 1077 3080 solitus,

80 3110 266 3191 majoresque
285 3119 359 3168 natu
381 3131 398 3169 a
417 3110 587 3170 minoribus
608 3110 791 3168 colebantur
812 3109 849 3168 ad
871 3108 961 3167 deum
982 3129 1080 3188 prope

80 3213 277 3286 ctparentum
296 3207 405 3265 vicem.
430 3206 489 3264 Sed
509 3214 673 3286 postquam
698 3207 819 3265 suboles
841 3205 959 3264 civitati
976 3227 1080 3264 neces.

78 3304 147 3362 saria
167 3304 235 3363 visa
266 3310 322 3374 est,
346 3310 377 3362 et
395 3303 433 3361 ad
456 3303 573 3383 prolem
595 3303 702 3382 populi
723 3303 978 3382 frequentandam
1000 3323 1080 3381 prae-

79 3400 138 3458 miis
153 3409 248 3480 atque
262 3400 474 3459 invitamentis
490 3421 565 3458 usus
581 3400 651 3472 luit,
668 3409 733 3458 tum
748 3399 874 3458 antelati
895 3398 1078 3480 quibusdam

78 3493 103 3553 in
119 3496 213 3556 rebus
241 3496 295 3576 qui
322 3517 433 3554 uxores
460 3496 577 3575 quique
600 3496 712 3554 liberos
730 3495 878 3554 haberent
906 3495 1079 3554 senioribus

79 3611 168 3672 neque
186 3585 301 3652 liberos
316 3613 414 3672 neque
430 3613 543 3652 uxores
560 3592 755 3653 habentibus.
773 3593 869 3651 Sicuti
892 3593 992 3672 eapite
1010 3612 1079 3670 sep-

78 3688 145 3750 timo
162 3690 240 3768 legis
253 3689 342 3748 Juliae
360 3691 455 3770 priori
472 3711 509 3748 ex
523 3689 706 3748 consulibus
718 3689 814 3747 fasces
828 3689 966 3747 sumendi
978 3696 1081 3769 potes-

78 3792 116 3843 tas
132 3787 177 3858 fit,
197 3807 257 3845 non
274 3787 327 3866 qui
341 3786 444 3866 plures
463 3807 559 3846 annos
577 3793 668 3845 natus
681 3794 737 3859 est,
753 3786 806 3845 sed
821 3786 874 3865 qui
888 3786 989 3866 plures
1003 3786 1079 3844 libc-

510 3965 647 4012 „45-
