2678 4250
507 192 552 232 aa·
564 193 611 230 vm
632 175 734 230 rnrvrin
753 193 804 230 aas
826 189 952 230 aouarns

441 597 696 681 352'.1³ouv011·
719 585 1015 701 del'eloquenee.
1103 607 1107 619 ’

481 846 648 929 (Quantum
658 848 760 930 possit
777 813 979 928 eloquentia.)

161 1213 215 1293 qh,
272 1201 359 1260 Nihil.
384 1202 457 1260 mihi
492 1202 695 1282 praestabilius
710 1202 840 1261 vvidetur
870 1221 961 1280 quam
986 1219 1074 1280 posse
1095 1196 1231 1258 dicendo

231 1304 336 1358 tenere
350 1298 509 1357 hominum
523 1304 632 1371 coetus,
649 1305 767 1357 mentes
785 1298 916 1370 allicere,
932 1297 1107 1357 voluntates
1122 1294 1231 1374 impel-

230 1395 469 1476 lerequoveliS,
487 1394 684 1454 undeantem
700 1395 776 1453 velis
802 1394 963 1453 deducere.
994 1393 1068 1450 Haec
1097 1380 1163 1470 una
1181 1411 1230 1448 res

227 1493 261 1554 in
283 1492 366 1551 omni
377 1491 474 1551 libero
488 1491 604 1571 populo
614 1492 806 1572 maximeque
817 1492 847 1548 in
863 1491 978 1570 pacatis
994 1487 1230 1568 tranquillisque

226 1589 405 1648 civitatibus
424 1589 579 1668 praecipue
602 1609 721 1667 semper
737 1588 842 1646 floruit
866 1607 1045 1666 semperque
1072 1585 1230 1643 dominata

225 1691 284 1752 est.
308 1685 387 1752 Quid
403 1687 485 1743 enim
508 1691 620 1744 estant
642 1691 703 1743 tam
731 1683 910 1743 admirabile
924 1703 1016 1761 quam
1042 1685 1092 1740 ex'
1108 1681 1230 1740 inlinita

227 1781 425 1840 multitudine
441 1782 599 1841 hominurn
613 1781 757 1839 exsistere
779 1801 885 1851 unum,
907 1779 959 1859 qui
982 1778 1013 1836 id
1029 1777 1230 1858 quodomni-

228 1877 285 1936 bus
306 1886 415 1937 natura
449 1879 489 1937 sit
522 1879 627 1938 datum
654 1878 702 1936 vel
730 1877 812 1936 solus
839 1875 887 1934 vel
909 1896 979 1934 curn
1001 1876 1106 1954 paucis
1130 1874 1230 1934 lacere

143 1979 146 1984 ‘
228 1975 350 2053 possit?
377 1981 429 2034 aut
457 1974 709 2057 tamjueundum
732 1974 856 2050 cognitu
885 1978 976 2051 atque
1001 1971 1230 2050 audituquam

227 2071 419 2149 sapientibus
434 2073 594 2130 sententiis
608 2072 815 2150 gravibusque
832 2069 933 2128 verbis
960 2075 1067 2127 ornata
1085 2067 1185 2126 oratio
1201 2073 1231 2124 et

148 2219 152 2226 .
228 2167 347 2246 polita?
364 2175 417 2227 aut
431 2175 492 2227 tam
513 2175 623 2247 potens
647 2175 771 2246 tamque
791 2165 987 2244 magnifieum
1011 2185 1103 2244 quam
1122 2163 1230 2243 p'opuli

228 2271 342 2335 motus,
355 2265 496 2344 judicum
511 2265 685 2341 religiones,
710 2271 834 2323 senatus
852 2263 1035 2340 gravitatem
1051 2261 1143 2320 unius
1166 2281 1231 2340 ora-

229 2360 313 2446 tione
328 2362 489 2419 eonverti‘?
505 2360 584 2428 Quid
606 2368 667 2418 tarn
686 2381 777 2440 porro
792 2359 922 2436 regium,
937 2366 999 2417 tam
1014 2356 1150 2430 liberale,
1168 2365 1231 2416 tarn

229 2457 409 2516 munificum
428 2478 519 2537 quam
545 2477 634 2536 opem
659 2458 738 2515 serre
760 2455 962 2534 supplicibus
984 2454 1116 2514 excitare
1138 2454 1231 2512 afflic-

229 2561 288 2626 tos,
307 2554 379 2612 dare
394 2554 535 2625 salutem,
553 2554 682 2613 liberare
707 2553 861 2633 periculis
891 2552 1024 2610 retinere
1046 2549 1187 2610 homines
1200 2549 1230 2607 in

229 2651 383 2733 civitate?
400 2651 480 2718 Quid
498 2659 598 2710 autem
616 2659 681 2721 tam¹
695 2651 899 2709 necessarium
913 2669 1005 2729 quam
1021 2654 1127 2706 tenere
1151 2667 1231 2705 sem-

230 2767 391 2828 perarma,
410 2747 522 2826 quibus
536 2748 584 2806 vel
600 2754 699 2806 lectus
715 2748 779 2826 ipse
796 2767 860 2804 esse
874 2744 1042 2823 possis,vel
1063 2749 1231 2823 provecare

230 2845 349 2924 integer
374 2844 540 2923 improbos,
565 2844 613 2902 vel
633 2851 663 2902 te
684 2843 789 2902 ulcisci
806 2843 984 2901 lacessitas?
1013 2845 1079 2918 Age
1091 2861 1176 2913 vero,
1194 2860 1232 2898 ne

228 2960 351 3022 semper
363 2941 474 3013 lorum,
494 2941 649 3014 subsellia,
674 2948 773 2999 rostra
786 2940 965 3020 curiamque
981 2937 1140 3010 meditere,
1158 2935 1232 3016 quid

227 3059 296 3108 esse
315 3044 416 3118 potest
442 3038 473 3096 in
497 3039 561 3097 otio
587 3045 641 3097 aut
668 3037 835 3118 jucundius
868 3045 922 3096 aut
948 3036 1045 3114 magis
1074 3034 1231 3115 proprium

229 3135 432 3214 humanitatis
461 3156 551 3215 quam
579 3155 678 3192 serrno
706 3134 825 3194 facetus
847 3156 882 3194 ae
904 3133 987 3192 nulla
1013 3133 1045 3190 in
1073 3152 1105 3191 re
1127 3130 1232 3190 rudis?

231 3233 300 3291 Hoc
316 3231 397 3311 enim
411 3251 474 3290 uno
493 3238 673 3311 praestamus
689 3229 737 3288 vel
766 3231 898 3290 maxime
920 3229 1004 3302 seris,
1028 3227 1111 3306 quod
1137 3225 1231 3285 eollo-

229 3329 355 3409 quimur
369 3329 450 3387 inter
466 3348 523 3386 nos
536 3334 566 3385 et
583 3326 666 3407 quod
685 3327 853 3405 exprimere
868 3324 999 3384 dicendo
1019 3343 1108 3383 sensa
1127 3343 1232 3402 possu-

230 3443 311 3482 mus.
336 3423 542 3490 Quamobrem
568 3423 636 3502 quis
658 3423 716 3480 hoc
738 3441 801 3479 non
817 3421 886 3501 jure
905 3421 1034 3480 miretur
1053 3440 1231 3500 summeque

231 3521 264 3577 in
279 3540 316 3579 eo
329 3519 549 3579 elaborandum
573 3540 638 3578 esse
662 3519 837 3590 arbitretur,
855 3523 900 3590 ut,
924 3538 986 3597 quo
1010 3533 1073 3576 uno
1092 3517 1231 3576 homines

231 3616 363 3685 maxime
388 3616 495 3674 bestiis
518 3624 677 3695 praestent,
694 3616 725 3674 in
756 3614 814 3672 hoe
837 3615 1012 3674 hominibus
1040 3615 1115 3694 ipsis
1137 3617 1228 3674 Lante-

229 3710 342 3768 eellat‘?

660 3925 696 3945 -ε,
709 3896 765 3948 248
789 3925 817 3934 -
