2670 4252
146 196 206 250 41.
224 197 295 253 sur
313 197 369 254 les
387 198 568 266 premiers
588 199 779 256 exerctces
798 199 913 256 e‘crits
933 213 1002 269 que
1021 200 1094 257 l’on

170 283 249 340 doit
267 285 365 342 fatre
384 287 473 343 enez
492 287 526 344 le
545 282 763 356 professeur
783 289 827 346 de
847 287 1071 357 rhetortque.

195 397 285 474 (Quae
307 397 371 458 sint
386 399 500 480 primae
524 399 556 458 in
577 399 715 460 docendo
739 401 899 460 rhetorum
916 401 1048 482 partes.)

158 576 243 644 Hinc
263 585 339 665 jam,
366 607 442 667 quas
470 587 585 667 primas
612 587 643 646 in
672 588 812 647 docendo
834 595 936 667 partes
961 587 1120 647 rhetorum
1133 607 1189 666 gh,

117 683 365 759 putem‚tradere
374 683 530 765 incipiam.
539 687 584 744 Ac
596 684 671 743 mihi
684 693 879 765 opportunus
894 686 1025 744 maxime
1037 685 1120 744 vide·

117 788 169 834 tur
180 778 337 856 ingressus
350 780 388 840 ab
403 801 439 840 eo
456 781 545 864 cujus
558 781 675 861 aliquid
691 781 790 840 simile
805 782 887 861 apud
903 781 1121 859 grammaticos

117 895 196 953 puer
209 876 363 946 didicerit.
382 877 422 937 Et
430 879 501 958 quia
517 879 739 950 narrationum,
761 886 888 958 excepta
899 899 959 960 qua
974 878 1005 936 in
1022 877 1123 936 causis

116 971 246 1044 utimur,
272 981 343 1034 tres,
357 975 532 1054 accepimus
559 975 693 1055 specieS,
725 1009 761 1020 —
782 975 928 1043 fabulam,
959 995 1027 1054 quae
1055 995 1123 1033 ver·
1198 1023 1200 1027 .

114 1071 204 1123 satur
212 1065 244 1122 in
260 1067 416 1144 tragoediis
432 1075 524 1148 atque
539 1067 736 1140 carminibus,
751 1089 814 1127 non
833 1089 849 1127 a
869 1069 999 1127 veritate
1016 1067 1119 1136 modo,

114 1157 286 1216 sedetiam
316 1159 415 1218 forma
440 1161 581 1220 veritatis
602 1167 739 1234 remota;
776 1167 1004 1238 argumentum,
1040 1158 1123 1238 quod

114 1253 228 1312 falsum
240 1255 293 1313 sed
308 1256 490 1315 verosimile
502 1257 662 1316 comoediae
677 1257 814 1335 fingunt3
827 1257 998 1324 historiam,
1017 1257 1121 1336 inqua

112 1359 163 1410 est
180 1359 274 1428 gestae
289 1353 333 1411 rei
348 1354 508 1433 'expositio¹
522 1353 740 1432 (grammaticis
753 1362 856 1414 autem
871 1355 1021 1433 ¹poeticas
1034 1353 1123 1412 dedi-

114 1449 209 1527 mus),
226 1481 265 1494 -κ-
283 1450 365 1530 apud
377 1451 531 1509 rhetorem
542 1451 664 1509 initium
677 1451 717 1510 sit
732 1451 889 1522 historica,
910 1457 998 1510 tanto
1015 1450 1123 1520 robus-

114 1546 306 1624 tiorquanto
320 1546 431 1607 verior.
448 1547 508 1606 Sed
524 1547 669 1606 narrandi
680 1549 805 1626 quidem
817 1569 885 1628 quae
900 1548 988 1606 nobis
1002 1547 1120 1628 optima

111 1642 196 1701 'ratio
222 1643 376 1718 videatur¹
405 1650 470 1703 tum
495 1643 774 1704 demonstrabimus
803 1664 873 1703 cum
908 1645 947 1704 de
980 1644 1120 1725 judiciali

113 1747 202 1819 parte
217 1739 354 1799 dicemus
369 1759 375 1800 :
393 1740 516 1799 interim
530 1742 695 1800 admonere
710 1741 787 1800 illud
804 1741 882 1800 satis·
898 1749 954 1812 est,
970 1750 1002 1800 ut
1018 1742 1060 1799 sit
1085 1761 1119 1799 ea

114 1857 216 1915 neque
230 1836 315 1896 arida
333 1858 458 1917 prorsus
475 1845 566 1917 atque
575 1837 693 1917 jejuna,
706 1859 805 1918 neque
823 1859 927 1896 rursus
950 1839 1073 1897 sinuosa
1090 1845 1122 1896 et

112 1933 269 1992 arcessitis
301 1933 568 2014 descriptionibus,
599 1935 630 1992 in
663 1955 738 2014 quas
766 1935 902 2014 plerique
948 1936 1121 1993 imitatione

113 2031 245 2108 poeticae
267 2023 398 2090 licentiae
423 2031 590 2104 ducuntur,
609 2030 759 2091 lasciviat.
786 2025 904 2090 Vitium
934 2039 1118 2111 utrumque;

114 2126 203 2206 pejus
224 2134 327 2186 tamen
347 2127 424 2186 illud
447 2128 531 2207 quod
555 2149 592 2186 ex
613 2128 718 2207 inopia
742 2147 833 2208 quam
856 2128 947 2207 quod
971 2149 1007 2187 ex
1031 2127 1120 2206 copia

116 2223 211 2282 venit.
226 2223 303 2282 Nam
319 2224 351 2283 in
361 2225 463 2303 pueris
479 2225 577 2283 oratio
601 2225 737 2304 perfecta
748 2245 805 2283 nec
822 2225 902 2302 exigi
929 2245 986 2284 nec
1001 2229 1116 2303 sperari

116 2326 235 2397 potest3
248 2319 357 2379 melioi
370 2329 472 2380 autem
490 2321 609 2380 indoles
622 2321 691 2380 laeta
711 2322 914 2402 generosique
931 2328 1071 2392 conatus
1090 2328 1120 2380 et

115 2416 164 2474 vel
184 2416 272 2496 plura
294 2417 378 2496 justa
402 2418 579 2498 concipiens
600 2418 723 2477 interim
744 2419 881 2498 spiritus.
903 2418 1045 2476 Solebam
1062 2438 1138 2496 ego-

113 2512 217 2572 dicere
238 2513 341 2593 pueris
357 2513 474 2593 aliquid
488 2515 570 2575 ausis
590 2515 805 2591 licentius-aut
824 2515 945 2588 lactine,
964 2515 1119 2574 «laudare

113 2609 192 2668 illud
207 2631 255 2668 me
267 2610 378 2682 adhuc,
389 2617 555 2670 venturum
570 2618 776 2691 tempusque
789 2612 870 2670 idem
887 2632 948 2670 non
962 2613 1119 2691 permitte·

112 2727 180 2764 rem
189 2731 201 2759 u
221 2725 227 2766 :
242 2707 328 2784 itaet
341 2707 467 2784 ingenio
483 2708 658 2785 gaudebant
673 2715 704 2766 et
712 2707 831 2788 judicio
843 2729 905 2766 non
919 2707 1115 2780 fallebantur.

204 2893 264 2951 42.
283 2891 314 2948 11
333 2893 415 2949 faut
436 2894 646 2960 apprendre
668 2892 1028 2972 abienwprononeer.

156 2981 159 2988 i
254 3003 339 3086 (Suis
361 3025 491 3087 queque
516 3005 630 3066 litterae
651 3005 735 3065 sonia
758 3005 984 3088 enuntientur.)

154 3183 302 3267 Magister
337 3191 487 3270 imprimis
518 3191 592 3250 vitia
617 3191 642 3249 si
675 3212 736 3270 qua
777 3199 849 3250 sunt
884 3192 945 3251 oris
963 3193 1115 3264 emendet,
1146 3237 1189 3299 2⁰·

116 3294 152 3346 ut
187 3306 327 3366 expressa
348 3288 411 3346 sint
438 3287 543 3358 verba,
580 3294 614 3346 ut
637 3288 699 3346 suis
736 3309 866 3368 quaque
897 3289 1006 3347 litterae
1034 3290 1117 3348 sonis

113 3383 326 3443 enuntientur.
352 3383 564 3451 Quarumdam
587 3385 667 3442 enim
693 3385 741 3442 vel
763 3384 898 3443 exilitate
920 3385 968 3442 vel
990 3386 1118 3464 pingue-

114 3480 193 3539 dine
224 3480 316 3539 nimia
345 3479 531 3552 laboramus
558 3481 705 3560 quasdam
735 3481 820 3539 velut
843 3482 974 3540 acriores
1010 3503 1117 3562 parum

113 3575 270 3636 efficimus
283 3583 314 3636 et
337 3577 405 3636 aliis
425 3598 486 3637 non
507 3577 707 3636 dissimilibus
727 3577 778 3636 sed
801 3579 886 3656 quasi
908 3578 1117 3639 hebetioribus

114 3679 338 3754 permutamus,
361 3673 490 3734 Curabit
508 3675 598 3733 etiam
623 3696 660 3733 ne
682 3683 826 3733 extremas
849 3674 973 3753 syllabae
995 3677 1118 3735 interci-

114 3772 197 3829 dant
210 3785 217 3838 ;
230 3776 262 3828 ut
274 3761 329 3852 par
344 3771 401 3829 sibi
417 3792 517 3830 sermo
533 3772 572 3830 sit
584 3790 590 3842 3
604 3779 648 3844 ut,
664 3771 784 3851 quoties
801 3770 1031 3830 exclamandum
1047 3773 1114 3832 erit.

553 3930 688 3981 ..29-
