<?xml version="1.0" encoding="UTF-8"?>
<!DOCTYPE html PUBLIC "-//W3C//DTD XHTML 1.0 Transitional//EN"
    "http://www.w3.org/TR/xhtml1/DTD/xhtml1-transitional.dtd">
<html xmlns="http://www.w3.org/1999/xhtml" xml:lang="en" lang="en">
 <head>
  <title>
</title>
<meta http-equiv="Content-Type" content="text/html;charset=utf-8" />
  <meta name='ocr-system' content='tesseract 3.04.00' />
  <meta name='ocr-capabilities' content='ocr_page ocr_carea ocr_par ocr_line ocrx_word'/>
</head>
<body>
  <div class='ocr_page' id='page_1' title='image "./depublicaprivat00arnagoog_0128.png"; bbox 0 0 2656 4258; ppageno 0'>
   <div class='ocr_carea' id='block_1_1' title="bbox 174 131 1052 285">
    <p class='ocr_par' dir='ltr' id='par_1_1' title="bbox 174 131 1052 285">
     <span class='ocr_line' id='line_1_1' title="bbox 174 131 1052 205; baseline -0.006 -10"><span class='ocrx_word' id='word_1_1' title='bbox 174 141 257 196; x_wconf 87' lang='lat'><strong>115.</strong></span> <span class='ocrx_word' id='word_1_2' title='bbox 277 139 476 197; x_wconf 81' lang='lat' dir='ltr'>L’honnete</span> <span class='ocrx_word' id='word_1_3' title='bbox 497 141 637 197; x_wconf 89' lang='lat' dir='ltr'>homme</span> <span class='ocrx_word' id='word_1_4' title='bbox 659 138 736 196; x_wconf 84' lang='lat' dir='ltr'>doit</span> <span class='ocrx_word' id='word_1_5' title='bbox 757 137 874 195; x_wconf 84' lang='lat' dir='ltr'>eimer</span> <span class='ocrx_word' id='word_1_6' title='bbox 891 135 931 192; x_wconf 85' lang='lat' dir='ltr'>le</span> <span class='ocrx_word' id='word_1_7' title='bbox 950 131 1052 205; x_wconf 74' lang='lat' dir='ltr'>gatte·</span> 
     </span>
     <span class='ocr_line' id='line_1_2' title="bbox 486 228 719 285; baseline -0.009 0"><span class='ocrx_word' id='word_1_8' title='bbox 486 230 552 285; x_wconf 83' lang='lat' dir='ltr'>des</span> <span class='ocrx_word' id='word_1_9' title='bbox 572 228 719 285; x_wconf 79' lang='lat' dir='ltr'>festius.</span> 
     </span>
    </p>
   </div>
   <div class='ocr_carea' id='block_1_2' title="bbox 107 323 1102 415">
    <p class='ocr_par' dir='ltr' id='par_1_2' title="bbox 107 323 1102 415">
     <span class='ocr_line' id='line_1_3' title="bbox 107 323 1102 415; baseline -0.007 -23"><span class='ocrx_word' id='word_1_10' title='bbox 107 332 168 413; x_wconf 85' lang='lat' dir='ltr'>(Ad</span> <span class='ocrx_word' id='word_1_11' title='bbox 189 331 268 393; x_wconf 85' lang='lat' dir='ltr'>hene</span> <span class='ocrx_word' id='word_1_12' title='bbox 289 332 440 415; x_wconf 73' lang='lat' dir='ltr'>beateque</span> <span class='ocrx_word' id='word_1_13' title='bbox 466 323 631 393; x_wconf 89' lang='lat' dir='ltr'>uiuendum</span> <span class='ocrx_word' id='word_1_14' title='bbox 657 331 775 392; x_wconf 82' lang='lat' dir='ltr'>cenulae</span> <span class='ocrx_word' id='word_1_15' title='bbox 799 327 982 414; x_wconf 67' lang='lat' dir='ltr'>factitandae</span> <span class='ocrx_word' id='word_1_16' title='bbox 1003 323 1102 406; x_wconf 78' lang='lat' dir='ltr'>sunt.)</span> 
     </span>
    </p>
   </div>
   <div class='ocr_carea' id='block_1_3' title="bbox 9 479 1169 2511">
    <p class='ocr_par' dir='ltr' id='par_1_3' title="bbox 104 479 1169 961">
     <span class='ocr_line' id='line_1_4' title="bbox 141 479 1169 570; baseline -0.005 -19"><span class='ocrx_word' id='word_1_17' title='bbox 141 491 182 551; x_wconf 87' lang='lat' dir='ltr'>Te</span> <span class='ocrx_word' id='word_1_18' title='bbox 198 493 235 552; x_wconf 91' lang='lat' dir='ltr'>ad</span> <span class='ocrx_word' id='word_1_19' title='bbox 254 514 345 552; x_wconf 90' lang='lat' dir='ltr'>cenas</span> <span class='ocrx_word' id='word_1_20' title='bbox 362 493 439 552; x_wconf 91' lang='lat' dir='ltr'>itare</span> <span class='ocrx_word' id='word_1_21' title='bbox 456 493 571 552; x_wconf 85' lang='lat' dir='ltr'>desisse</span> <span class='ocrx_word' id='word_1_22' title='bbox 595 493 723 552; x_wconf 89' lang='lat' dir='ltr'>moleste</span> <span class='ocrx_word' id='word_1_23' title='bbox 740 493 817 553; x_wconf 86' lang='lat' dir='ltr'>lero.</span> <span class='ocrx_word' id='word_1_24' title='bbox 839 491 953 570; x_wconf 86' lang='lat' dir='ltr'>Magna</span> <span class='ocrx_word' id='word_1_25' title='bbox 974 485 1056 546; x_wconf 89' lang='lat' dir='ltr'>enim</span> <span class='ocrx_word' id='word_1_26' title='bbox 1071 491 1101 544; x_wconf 91' lang='lat' dir='ltr'>te</span> <span class='ocrx_word' id='word_1_27' title='bbox 1127 479 1169 546; x_wconf 62' lang='grc' dir='ltr'>θ’</span> 
     </span>
     <span class='ocr_line' id='line_1_5' title="bbox 104 589 1100 671; baseline -0.007 -24"><span class='ocrx_word' id='word_1_28' title='bbox 104 589 308 648; x_wconf 80' lang='lat' dir='ltr'>delectatione</span> <span class='ocrx_word' id='word_1_29' title='bbox 332 596 363 649; x_wconf 85' lang='lat' dir='ltr'>et</span> <span class='ocrx_word' id='word_1_30' title='bbox 385 590 544 670; x_wconf 89' lang='lat' dir='ltr'>voluptate</span> <span class='ocrx_word' id='word_1_31' title='bbox 563 590 703 671; x_wconf 85' lang='lat' dir='ltr'>privasti.</span> <span class='ocrx_word' id='word_1_32' title='bbox 725 589 844 650; x_wconf 87' lang='lat' dir='ltr'>Deinde</span> <span class='ocrx_word' id='word_1_33' title='bbox 866 589 959 647; x_wconf 89' lang='lat' dir='ltr'>etiam</span> <span class='ocrx_word' id='word_1_34' title='bbox 980 603 1100 655; x_wconf 89' lang='lat' dir='ltr'>vereor,</span> 
     </span>
     <span class='ocr_line' id='line_1_6' title="bbox 104 680 1103 767; baseline -0.006 -23"><span class='ocrx_word' id='word_1_35' title='bbox 104 686 172 745; x_wconf 91' lang='lat' dir='ltr'>licet</span> <span class='ocrx_word' id='word_1_36' title='bbox 186 687 270 746; x_wconf 90' lang='lat' dir='ltr'>enim</span> <span class='ocrx_word' id='word_1_37' title='bbox 287 708 394 746; x_wconf 88' lang='lat' dir='ltr'>verum</span> <span class='ocrx_word' id='word_1_38' title='bbox 414 687 528 760; x_wconf 87' lang='lat' dir='ltr'>dicere,</span> <span class='ocrx_word' id='word_1_39' title='bbox 544 708 583 746; x_wconf 91' lang='lat' dir='ltr'>ne</span> <span class='ocrx_word' id='word_1_40' title='bbox 599 689 703 746; x_wconf 91' lang='lat' dir='ltr'>nescio</span> <span class='ocrx_word' id='word_1_41' title='bbox 722 686 797 767; x_wconf 91' lang='lat' dir='ltr'>quid</span> <span class='ocrx_word' id='word_1_42' title='bbox 818 685 905 756; x_wconf 92' lang='lat' dir='ltr'>illud,</span> <span class='ocrx_word' id='word_1_43' title='bbox 923 681 1006 763; x_wconf 90' lang='lat' dir='ltr'>quod</span> <span class='ocrx_word' id='word_1_44' title='bbox 1025 680 1103 739; x_wconf 89' lang='lat' dir='ltr'>sole·</span> 
     </span>
     <span class='ocr_line' id='line_1_7' title="bbox 104 777 1099 858; baseline -0.007 -16"><span class='ocrx_word' id='word_1_45' title='bbox 104 783 166 856; x_wconf 91' lang='lat' dir='ltr'>bas,</span> <span class='ocrx_word' id='word_1_46' title='bbox 183 783 334 858; x_wconf 84' lang='lat' dir='ltr'>dediscas,</span> <span class='ocrx_word' id='word_1_47' title='bbox 352 792 383 843; x_wconf 89' lang='lat' dir='ltr'>et</span> <span class='ocrx_word' id='word_1_48' title='bbox 401 785 584 843; x_wconf 86' lang='lat' dir='ltr'>obliviscare</span> <span class='ocrx_word' id='word_1_49' title='bbox 605 783 729 843; x_wconf 90' lang='lat' dir='ltr'>cenulas</span> <span class='ocrx_word' id='word_1_50' title='bbox 751 783 862 844; x_wconf 83' lang='lat' dir='ltr'>lacere,</span> <span class='ocrx_word' id='word_1_51' title='bbox 886 781 964 840; x_wconf 91' lang='lat' dir='ltr'>Nam</span> <span class='ocrx_word' id='word_1_52' title='bbox 981 777 1007 837; x_wconf 88' lang='lat' dir='ltr'>si</span> <span class='ocrx_word' id='word_1_53' title='bbox 1022 784 1099 850; x_wconf 92' lang='lat' dir='ltr'>tum,</span> 
     </span>
     <span class='ocr_line' id='line_1_8' title="bbox 105 874 1099 961; baseline -0.004 -23"><span class='ocrx_word' id='word_1_54' title='bbox 105 897 171 939; x_wconf 91' lang='lat' dir='ltr'>cum</span> <span class='ocrx_word' id='word_1_55' title='bbox 193 879 328 940; x_wconf 84' lang='lat' dir='ltr'>habebas</span> <span class='ocrx_word' id='word_1_56' title='bbox 351 903 428 961; x_wconf 91' lang='lat' dir='ltr'>quos</span> <span class='ocrx_word' id='word_1_57' title='bbox 456 881 622 954; x_wconf 90' lang='lat' dir='ltr'>imitarere,</span> <span class='ocrx_word' id='word_1_58' title='bbox 649 902 711 940; x_wconf 94' lang='lat' dir='ltr'>non</span> <span class='ocrx_word' id='word_1_59' title='bbox 736 881 867 939; x_wconf 90' lang='lat' dir='ltr'>multum</span> <span class='ocrx_word' id='word_1_60' title='bbox 893 874 1099 958; x_wconf 86' lang='lat' dir='ltr'>proficiebas:</span> 
     </span>
    </p>

    <p class='ocr_par' dir='ltr' id='par_1_4' title="bbox 9 974 1102 2511">
     <span class='ocr_line' id='line_1_9' title="bbox 86 974 1099 1058; baseline -0.006 -24"><span class='ocrx_word' id='word_1_61' title='bbox 86 977 174 1056; x_wconf 81' lang='lat' dir='ltr'>¹quid</span> <span class='ocrx_word' id='word_1_62' title='bbox 194 998 278 1036; x_wconf 88' lang='lat' dir='ltr'>nune</span> <span class='ocrx_word' id='word_1_63' title='bbox 297 985 327 1036; x_wconf 91' lang='lat' dir='ltr'>te</span> <span class='ocrx_word' id='word_1_64' title='bbox 351 979 504 1038; x_wconf 83' lang='lat' dir='ltr'>iacturum</span> <span class='ocrx_word' id='word_1_65' title='bbox 520 986 626 1058; x_wconf 90' lang='lat' dir='ltr'>putem</span> <span class='ocrx_word' id='word_1_66' title='bbox 639 979 654 1036; x_wconf 88' lang='lat' dir='ltr'>‘l</span> <span class='ocrx_word' id='word_1_67' title='bbox 669 978 822 1057; x_wconf 84' lang='lat' dir='ltr'>Spurinna</span> <span class='ocrx_word' id='word_1_68' title='bbox 842 974 966 1056; x_wconf 91' lang='lat' dir='ltr'>quidem</span> <span class='ocrx_word' id='word_1_69' title='bbox 984 977 1099 1045; x_wconf 89' lang='lat' dir='ltr'>noster,</span> 
     </span>
     <span class='ocr_line' id='line_1_10' title="bbox 9 1069 1101 1151; baseline -0.005 -19"><span class='ocrx_word' id='word_1_70' title='bbox 9 1075 10 1078; x_wconf 67' lang='grc'>’</span> <span class='ocrx_word' id='word_1_71' title='bbox 100 1093 169 1132; x_wconf 88' lang='lat' dir='ltr'>curn</span> <span class='ocrx_word' id='word_1_72' title='bbox 197 1073 225 1132; x_wconf 92' lang='lat' dir='ltr'>ei</span> <span class='ocrx_word' id='word_1_73' title='bbox 248 1095 313 1133; x_wconf 91' lang='lat' dir='ltr'>rem</span> <span class='ocrx_word' id='word_1_74' title='bbox 340 1075 609 1147; x_wconf 79' lang='lat' dir='ltr'>demonstrassem,</span> <span class='ocrx_word' id='word_1_75' title='bbox 636 1081 667 1133; x_wconf 90' lang='lat' dir='ltr'>et</span> <span class='ocrx_word' id='word_1_76' title='bbox 690 1075 785 1134; x_wconf 91' lang='lat' dir='ltr'>vitam</span> <span class='ocrx_word' id='word_1_77' title='bbox 804 1081 890 1133; x_wconf 88' lang='lat' dir='ltr'>tuam</span> <span class='ocrx_word' id='word_1_78' title='bbox 911 1069 1101 1151; x_wconf 90' lang='lat' dir='ltr'>superiorem</span> 
     </span>
     <span class='ocr_line' id='line_1_11' title="bbox 9 1166 1101 1252; baseline -0.005 -22"><span class='ocrx_word' id='word_1_79' title='bbox 9 1181 10 1242; x_wconf 69' lang='lat' dir='ltr'>J</span> <span class='ocrx_word' id='word_1_80' title='bbox 99 1171 322 1250; x_wconf 85' lang='lat' dir='ltr'>exposuissem,</span> <span class='ocrx_word' id='word_1_81' title='bbox 359 1193 506 1251; x_wconf 78' lang='lat' dir='ltr'>magnum</span> <span class='ocrx_word' id='word_1_82' title='bbox 548 1171 719 1252; x_wconf 88' lang='lat' dir='ltr'>periculum</span> <span class='ocrx_word' id='word_1_83' title='bbox 762 1191 888 1230; x_wconf 86' lang='lat' dir='ltr'>summae</span> <span class='ocrx_word' id='word_1_84' title='bbox 923 1166 1101 1247; x_wconf 81' lang='lat' dir='ltr'>reipublieae</span> 
     </span>
     <span class='ocr_line' id='line_1_12' title="bbox 99 1266 1101 1349; baseline -0.004 -23.33"><span class='ocrx_word' id='word_1_85' title='bbox 99 1267 342 1343; x_wconf 89' lang='lat' dir='ltr'>demonstrabat,</span> <span class='ocrx_word' id='word_1_86' title='bbox 372 1269 430 1328; x_wconf 91' lang='lat' dir='ltr'>nisi</span> <span class='ocrx_word' id='word_1_87' title='bbox 458 1269 495 1328; x_wconf 88' lang='lat' dir='ltr'>ad</span> <span class='ocrx_word' id='word_1_88' title='bbox 523 1270 712 1349; x_wconf 88' lang='lat' dir='ltr'>superiorem</span> <span class='ocrx_word' id='word_1_89' title='bbox 753 1266 1008 1327; x_wconf 86' lang='lat' dir='ltr'>consuetudinem</span> <span class='ocrx_word' id='word_1_90' title='bbox 1034 1271 1101 1322; x_wconf 90' lang='lat' dir='ltr'>tum</span> 
     </span>
     <span class='ocr_line' id='line_1_13' title="bbox 9 1363 1101 1448; baseline -0.004 -24"><span class='ocrx_word' id='word_1_91' title='bbox 9 1387 11 1448; x_wconf 88' lang='lat'>3</span> <span class='ocrx_word' id='word_1_92' title='bbox 98 1386 170 1424; x_wconf 90' lang='lat' dir='ltr'>cum</span> <span class='ocrx_word' id='word_1_93' title='bbox 199 1366 354 1425; x_wconf 88' lang='lat' dir='ltr'>Favonius</span> <span class='ocrx_word' id='word_1_94' title='bbox 377 1367 474 1438; x_wconf 87' lang='lat' dir='ltr'>flaret,</span> <span class='ocrx_word' id='word_1_95' title='bbox 502 1367 691 1427; x_wconf 83' lang='lat' dir='ltr'>revertisses,</span> <span class='ocrx_word' id='word_1_96' title='bbox 720 1365 779 1424; x_wconf 90' lang='lat' dir='ltr'>Sed</span> <span class='ocrx_word' id='word_1_97' title='bbox 807 1363 981 1423; x_wconf 86' lang='lat' dir='ltr'>mehercule</span> <span class='ocrx_word' id='word_1_98' title='bbox 1016 1368 1101 1420; x_wconf 91' lang='lat' dir='ltr'>extra</span> 
     </span>
     <span class='ocr_line' id='line_1_14' title="bbox 97 1457 1101 1543; baseline -0.009 -17.806"><span class='ocrx_word' id='word_1_99' title='bbox 97 1462 203 1542; x_wconf 80' lang='lat' dir='ltr'>jocum</span> <span class='ocrx_word' id='word_1_100' title='bbox 218 1483 330 1521; x_wconf 88' lang='lat' dir='ltr'>moneo</span> <span class='ocrx_word' id='word_1_101' title='bbox 347 1469 377 1522; x_wconf 86' lang='lat' dir='ltr'>te</span> <span class='ocrx_word' id='word_1_102' title='bbox 397 1463 480 1543; x_wconf 91' lang='lat' dir='ltr'>quod</span> <span class='ocrx_word' id='word_1_103' title='bbox 499 1464 652 1543; x_wconf 89' lang='lat' dir='ltr'>pertinere</span> <span class='ocrx_word' id='word_1_104' title='bbox 669 1463 707 1521; x_wconf 90' lang='lat' dir='ltr'>ad</span> <span class='ocrx_word' id='word_1_105' title='bbox 729 1463 817 1521; x_wconf 89' lang='lat' dir='ltr'>beate</span> <span class='ocrx_word' id='word_1_106' title='bbox 839 1460 1006 1519; x_wconf 89' lang='lat' dir='ltr'>vivendum</span> <span class='ocrx_word' id='word_1_107' title='bbox 1022 1457 1101 1518; x_wconf 89' lang='lat' dir='ltr'>arbi-</span> 
     </span>
     <span class='ocr_line' id='line_1_15' title="bbox 9 1543 1098 1640; baseline -0.002 -22"><span class='ocrx_word' id='word_1_108' title='bbox 9 1543 11 1582; x_wconf 55' lang='lat' dir='ltr'>l</span> <span class='ocrx_word' id='word_1_109' title='bbox 100 1567 189 1618; x_wconf 91' lang='lat' dir='ltr'>tror·</span> <span class='ocrx_word' id='word_1_110' title='bbox 210 1566 245 1618; x_wconf 91' lang='lat' dir='ltr'>ut</span> <span class='ocrx_word' id='word_1_111' title='bbox 262 1580 332 1618; x_wconf 93' lang='lat' dir='ltr'>cum</span> <span class='ocrx_word' id='word_1_112' title='bbox 349 1559 423 1618; x_wconf 91' lang='lat' dir='ltr'>viris</span> <span class='ocrx_word' id='word_1_113' title='bbox 449 1561 548 1631; x_wconf 92' lang='lat' dir='ltr'>bonis,</span> <span class='ocrx_word' id='word_1_114' title='bbox 567 1559 725 1640; x_wconf 78' lang='lat' dir='ltr'>jucundiS,</span> <span class='ocrx_word' id='word_1_115' title='bbox 744 1559 919 1618; x_wconf 88' lang='lat' dir='ltr'>amentibus</span> <span class='ocrx_word' id='word_1_116' title='bbox 938 1557 984 1616; x_wconf 88' lang='lat' dir='ltr'>tui</span> <span class='ocrx_word' id='word_1_117' title='bbox 1001 1556 1098 1616; x_wconf 81' lang='lat' dir='ltr'>vivae.</span> 
     </span>
     <span class='ocr_line' id='line_1_16' title="bbox 9 1651 1098 1736; baseline -0.002 -21"><span class='ocrx_word' id='word_1_118' title='bbox 9 1651 11 1668; x_wconf 63' lang='lat'>²</span> <span class='ocrx_word' id='word_1_119' title='bbox 99 1656 184 1715; x_wconf 92' lang='lat' dir='ltr'>Nihil</span> <span class='ocrx_word' id='word_1_120' title='bbox 196 1657 298 1736; x_wconf 90' lang='lat' dir='ltr'>aptius</span> <span class='ocrx_word' id='word_1_121' title='bbox 309 1657 381 1716; x_wconf 77' lang='lat' dir='ltr'>vitae</span> <span class='ocrx_word' id='word_1_122' title='bbox 391 1676 397 1730; x_wconf 92' lang='lat'>;</span> <span class='ocrx_word' id='word_1_123' title='bbox 411 1656 487 1715; x_wconf 89' lang='lat' dir='ltr'>nihil</span> <span class='ocrx_word' id='word_1_124' title='bbox 498 1657 536 1716; x_wconf 91' lang='lat' dir='ltr'>ad</span> <span class='ocrx_word' id='word_1_125' title='bbox 547 1657 636 1715; x_wconf 89' lang='lat' dir='ltr'>beate</span> <span class='ocrx_word' id='word_1_126' title='bbox 647 1655 814 1714; x_wconf 91' lang='lat' dir='ltr'>vivendum</span> <span class='ocrx_word' id='word_1_127' title='bbox 825 1653 1098 1715; x_wconf 86' lang='lat' dir='ltr'>accommodatius.</span> 
     </span>
     <span class='ocr_line' id='line_1_17' title="bbox 99 1751 1099 1834; baseline -0.004 -22"><span class='ocrx_word' id='word_1_128' title='bbox 99 1753 163 1812; x_wconf 89' lang='lat' dir='ltr'>Nec</span> <span class='ocrx_word' id='word_1_129' title='bbox 178 1753 209 1813; x_wconf 95' lang='lat' dir='ltr'>id</span> <span class='ocrx_word' id='word_1_130' title='bbox 227 1753 266 1812; x_wconf 92' lang='lat' dir='ltr'>ad</span> <span class='ocrx_word' id='word_1_131' title='bbox 286 1753 478 1834; x_wconf 90' lang='lat' dir='ltr'>voluptatem</span> <span class='ocrx_word' id='word_1_132' title='bbox 496 1755 606 1825; x_wconf 88' lang='lat' dir='ltr'>rel&#39;er0,</span> <span class='ocrx_word' id='word_1_133' title='bbox 625 1753 677 1812; x_wconf 89' lang='lat' dir='ltr'>sed</span> <span class='ocrx_word' id='word_1_134' title='bbox 700 1753 740 1816; x_wconf 56' lang='lat' dir='ltr'>ad,</span> <span class='ocrx_word' id='word_1_135' title='bbox 760 1752 1013 1811; x_wconf 86' lang='lat' dir='ltr'>communitatem</span> <span class='ocrx_word' id='word_1_136' title='bbox 1027 1751 1099 1809; x_wconf 88' lang='lat' dir='ltr'>vitae</span> 
     </span>
     <span class='ocr_line' id='line_1_18' title="bbox 99 1848 1102 1931; baseline -0.002 -23"><span class='ocrx_word' id='word_1_137' title='bbox 99 1857 191 1929; x_wconf 86' lang='lat' dir='ltr'>alque</span> <span class='ocrx_word' id='word_1_138' title='bbox 219 1851 321 1909; x_wconf 89' lang='lat' dir='ltr'>vietus</span> <span class='ocrx_word' id='word_1_139' title='bbox 347 1850 624 1931; x_wconf 87' lang='lat' dir='ltr'>remissionemque</span> <span class='ocrx_word' id='word_1_140' title='bbox 650 1850 837 1921; x_wconf 89' lang='lat' dir='ltr'>animorum;</span> <span class='ocrx_word' id='word_1_141' title='bbox 872 1869 939 1930; x_wconf 88' lang='lat' dir='ltr'>quae</span> <span class='ocrx_word' id='word_1_142' title='bbox 967 1848 1102 1907; x_wconf 86' lang='lat' dir='ltr'>maxime</span> 
     </span>
     <span class='ocr_line' id='line_1_19' title="bbox 98 1944 1101 2028; baseline -0.001 -25"><span class='ocrx_word' id='word_1_143' title='bbox 98 1947 230 2005; x_wconf 84' lang='lat' dir='ltr'>efficitur</span> <span class='ocrx_word' id='word_1_144' title='bbox 249 1968 389 2006; x_wconf 88' lang='lat' dir='ltr'>sermone</span> <span class='ocrx_word' id='word_1_145' title='bbox 413 1948 566 2022; x_wconf 77' lang='lat' dir='ltr'>familiari,</span> <span class='ocrx_word' id='word_1_146' title='bbox 591 1948 642 2028; x_wconf 93' lang='lat' dir='ltr'>qui</span> <span class='ocrx_word' id='word_1_147' title='bbox 657 1954 710 2008; x_wconf 85' lang='lat' dir='ltr'>‚est</span> <span class='ocrx_word' id='word_1_148' title='bbox 730 1947 762 2004; x_wconf 90' lang='lat' dir='ltr'>in</span> <span class='ocrx_word' id='word_1_149' title='bbox 786 1946 938 2005; x_wconf 90' lang='lat' dir='ltr'>conviviis</span> <span class='ocrx_word' id='word_1_150' title='bbox 959 1944 1101 2005; x_wconf 90' lang='lat' dir='ltr'>dulcissi-</span> 
     </span>
     <span class='ocr_line' id='line_1_20' title="bbox 98 2042 1100 2124; baseline 0 -24"><span class='ocrx_word' id='word_1_151' title='bbox 98 2062 191 2103; x_wconf 88' lang='lat' dir='ltr'>mus:</span> <span class='ocrx_word' id='word_1_152' title='bbox 210 2043 246 2102; x_wconf 82' lang='lat' dir='ltr'>ut</span> <span class='ocrx_word' id='word_1_153' title='bbox 267 2044 436 2123; x_wconf 91' lang='lat' dir='ltr'>sapientius</span> <span class='ocrx_word' id='word_1_154' title='bbox 456 2045 554 2102; x_wconf 91' lang='lat' dir='ltr'>nostri</span> <span class='ocrx_word' id='word_1_155' title='bbox 574 2065 666 2124; x_wconf 78' lang='lat' dir='ltr'>quem</span> <span class='ocrx_word' id='word_1_156' title='bbox 683 2044 783 2104; x_wconf 89' lang='lat' dir='ltr'>Graeci</span> <span class='ocrx_word' id='word_1_157' title='bbox 800 2061 807 2102; x_wconf 92' lang='lat'><strong>:</strong></span> <span class='ocrx_word' id='word_1_158' title='bbox 825 2042 869 2100; x_wconf 92' lang='lat' dir='ltr'>illi</span> <span class='ocrx_word' id='word_1_159' title='bbox 890 2048 1100 2121; x_wconf 70' lang='lat' dir='ltr'>superteneat</span> 
     </span>
     <span class='ocr_line' id='line_1_21' title="bbox 99 2139 1100 2221; baseline 0.002 -26.835"><span class='ocrx_word' id='word_1_160' title='bbox 99 2145 254 2211; x_wconf 81' lang='grc' dir='ltr'>σύνδειπνα,</span> <span class='ocrx_word' id='word_1_161' title='bbox 277 2140 309 2198; x_wconf 92' lang='lat' dir='ltr'>id</span> <span class='ocrx_word' id='word_1_162' title='bbox 337 2147 384 2198; x_wconf 90' lang='lat' dir='ltr'>est</span> <span class='ocrx_word' id='word_1_163' title='bbox 409 2141 663 2221; x_wconf 87' lang='lat' dir='ltr'>compotationes,</span> <span class='ocrx_word' id='word_1_164' title='bbox 692 2147 745 2200; x_wconf 91' lang='lat' dir='ltr'>aut</span> <span class='ocrx_word' id='word_1_165' title='bbox 772 2139 1024 2215; x_wconf 84' lang='lat' dir='ltr'>concenationes;</span> <span class='ocrx_word' id='word_1_166' title='bbox 1044 2159 1100 2198; x_wconf 90' lang='lat' dir='ltr'>nos</span> 
     </span>
     <span class='ocr_line' id='line_1_22' title="bbox 98 2235 1100 2316; baseline 0 -22"><span class='ocrx_word' id='word_1_167' title='bbox 98 2237 253 2303; x_wconf 78' lang='lat' dir='ltr'>convivis,</span> <span class='ocrx_word' id='word_1_168' title='bbox 278 2236 361 2316; x_wconf 93' lang='lat' dir='ltr'>quod</span> <span class='ocrx_word' id='word_1_169' title='bbox 382 2243 448 2295; x_wconf 88' lang='lat' dir='ltr'>tum</span> <span class='ocrx_word' id='word_1_170' title='bbox 473 2238 605 2296; x_wconf 89' lang='lat' dir='ltr'>maxime</span> <span class='ocrx_word' id='word_1_171' title='bbox 624 2237 713 2296; x_wconf 90' lang='lat' dir='ltr'>simul</span> <span class='ocrx_word' id='word_1_172' title='bbox 737 2237 864 2295; x_wconf 91' lang='lat' dir='ltr'>vivitur.</span> <span class='ocrx_word' id='word_1_173' title='bbox 895 2235 990 2294; x_wconf 88' lang='lat' dir='ltr'>Vides</span> <span class='ocrx_word' id='word_1_174' title='bbox 1011 2241 1047 2294; x_wconf 85' lang='lat' dir='ltr'>ut</span> <span class='ocrx_word' id='word_1_175' title='bbox 1069 2242 1100 2294; x_wconf 91' lang='lat' dir='ltr'>te</span> 
     </span>
     <span class='ocr_line' id='line_1_23' title="bbox 99 2326 1099 2412; baseline 0 -22"><span class='ocrx_word' id='word_1_176' title='bbox 99 2333 348 2412; x_wconf 89' lang='lat' dir='ltr'>philosophando</span> <span class='ocrx_word' id='word_1_177' title='bbox 358 2353 500 2392; x_wconf 87' lang='lat' dir='ltr'>revocare</span> <span class='ocrx_word' id='word_1_178' title='bbox 514 2355 607 2412; x_wconf 88' lang='lat' dir='ltr'>coner</span> <span class='ocrx_word' id='word_1_179' title='bbox 617 2334 655 2393; x_wconf 89' lang='lat' dir='ltr'>ad</span> <span class='ocrx_word' id='word_1_180' title='bbox 668 2355 758 2393; x_wconf 90' lang='lat' dir='ltr'>cenas</span> <span class='ocrx_word' id='word_1_181' title='bbox 769 2337 783 2394; x_wconf 77' lang='lat' dir='ltr'>‘l</span> <span class='ocrx_word' id='word_1_182' title='bbox 795 2333 877 2393; x_wconf 89' lang='lat' dir='ltr'>Cura</span> <span class='ocrx_word' id='word_1_183' title='bbox 891 2339 926 2392; x_wconf 87' lang='lat' dir='ltr'>ut</span> <span class='ocrx_word' id='word_1_184' title='bbox 935 2332 1048 2392; x_wconf 78' lang='lat' dir='ltr'>valeas</span> <span class='ocrx_word' id='word_1_185' title='bbox 1063 2326 1099 2390; x_wconf 92' lang='lat' dir='ltr'>ld</span> 
     </span>
     <span class='ocr_line' id='line_1_24' title="bbox 98 2428 724 2511; baseline 0.008 -24"><span class='ocrx_word' id='word_1_186' title='bbox 98 2428 173 2488; x_wconf 90' lang='lat' dir='ltr'>loris</span> <span class='ocrx_word' id='word_1_187' title='bbox 187 2429 353 2488; x_wconf 82' lang='lat' dir='ltr'>cenitando</span> <span class='ocrx_word' id='word_1_188' title='bbox 366 2430 510 2489; x_wconf 86' lang='lat' dir='ltr'>facillime</span> <span class='ocrx_word' id='word_1_189' title='bbox 526 2451 724 2511; x_wconf 89' lang='lat' dir='ltr'>consequere.</span> 
     </span>
    </p>
   </div>
   <div class='ocr_carea' id='block_1_4' title="bbox 97 2653 1100 2856">
    <p class='ocr_par' dir='ltr' id='par_1_5' title="bbox 97 2653 1100 2856">
     <span class='ocr_line' id='line_1_25' title="bbox 174 2653 1068 2726; baseline 0.002 -2"><span class='ocrx_word' id='word_1_190' title='bbox 174 2669 256 2726; x_wconf 83' lang='grc'><strong>116.</strong></span> <span class='ocrx_word' id='word_1_191' title='bbox 277 2670 460 2726; x_wconf 82' lang='lat' dir='ltr'>comment</span> <span class='ocrx_word' id='word_1_192' title='bbox 479 2668 505 2724; x_wconf 86' lang='lat' dir='ltr'>ll</span> <span class='ocrx_word' id='word_1_193' title='bbox 525 2669 608 2726; x_wconf 80' lang='lat' dir='ltr'>faut</span> <span class='ocrx_word' id='word_1_194' title='bbox 628 2671 812 2726; x_wconf 86' lang='lat' dir='ltr'>ordonner</span> <span class='ocrx_word' id='word_1_195' title='bbox 829 2683 879 2726; x_wconf 91' lang='lat' dir='ltr'>un</span> <span class='ocrx_word' id='word_1_196' title='bbox 897 2669 1021 2726; x_wconf 79' lang='lat' dir='ltr'>festln.</span> <span class='ocrx_word' id='word_1_197' title='bbox 1066 2653 1068 2657; x_wconf 39' lang='lat'><strong><em>¹</em></strong></span> 
     </span>
     <span class='ocr_line' id='line_1_26' title="bbox 97 2771 1100 2856; baseline 0.001 -24"><span class='ocrx_word' id='word_1_198' title='bbox 97 2771 228 2852; x_wconf 75' lang='lat' dir='ltr'>(Quibus</span> <span class='ocrx_word' id='word_1_199' title='bbox 255 2795 294 2833; x_wconf 81' lang='lat' dir='ltr'>ex</span> <span class='ocrx_word' id='word_1_200' title='bbox 321 2771 414 2833; x_wconf 83' lang='lat' dir='ltr'>rebus</span> <span class='ocrx_word' id='word_1_201' title='bbox 436 2781 557 2834; x_wconf 80' lang='lat' dir='ltr'>constet</span> <span class='ocrx_word' id='word_1_202' title='bbox 583 2773 661 2834; x_wconf 85' lang='lat' dir='ltr'>bene</span> <span class='ocrx_word' id='word_1_203' title='bbox 686 2782 873 2856; x_wconf 84' lang='lat' dir='ltr'>apparatum</span> <span class='ocrx_word' id='word_1_204' title='bbox 898 2773 1100 2854; x_wconf 64' lang='lat' dir='ltr'>conuiuium.)</span> 
     </span>
    </p>
   </div>
   <div class='ocr_carea' id='block_1_5' title="bbox 9 2921 1166 3693">
    <p class='ocr_par' dir='ltr' id='par_1_6' title="bbox 93 2921 1166 3207">
     <span class='ocr_line' id='line_1_27' title="bbox 134 2921 1166 3016; baseline 0.002 -26"><span class='ocrx_word' id='word_1_205' title='bbox 134 2933 171 2990; x_wconf 93' lang='lat' dir='ltr'>ln</span> <span class='ocrx_word' id='word_1_206' title='bbox 194 2932 385 3016; x_wconf 89' lang='lat' dir='ltr'>lepidissimo</span> <span class='ocrx_word' id='word_1_207' title='bbox 410 2953 446 2991; x_wconf 87' lang='lat' dir='ltr'>ex</span> <span class='ocrx_word' id='word_1_208' title='bbox 470 2934 575 3005; x_wconf 81' lang='lat' dir='ltr'>satiris¹</span> <span class='ocrx_word' id='word_1_209' title='bbox 598 2933 774 3013; x_wconf 90' lang='lat' dir='ltr'>Menippeis</span> <span class='ocrx_word' id='word_1_210' title='bbox 803 2933 882 2992; x_wconf 92' lang='lat' dir='ltr'>libro</span> <span class='ocrx_word' id='word_1_211' title='bbox 901 2933 999 2993; x_wconf 91' lang='lat' dir='ltr'>Varro</span> <span class='ocrx_word' id='word_1_212' title='bbox 1023 2933 1099 2992; x_wconf 88' lang='lat' dir='ltr'>dicit</span> <span class='ocrx_word' id='word_1_213' title='bbox 1126 2921 1166 2985; x_wconf 82' lang='lat'>3&#39;</span> 
     </span>
     <span class='ocr_line' id='line_1_28' title="bbox 94 3030 1096 3110; baseline 0.003 -24"><span class='ocrx_word' id='word_1_214' title='bbox 94 3030 297 3088; x_wconf 90' lang='lat' dir='ltr'>convivarum</span> <span class='ocrx_word' id='word_1_215' title='bbox 329 3050 490 3088; x_wconf 90' lang='lat' dir='ltr'>numerum</span> <span class='ocrx_word' id='word_1_216' title='bbox 526 3030 660 3110; x_wconf 87' lang='lat' dir='ltr'>incipere</span> <span class='ocrx_word' id='word_1_217' title='bbox 692 3037 835 3110; x_wconf 90' lang='lat' dir='ltr'>oportere</span> <span class='ocrx_word' id='word_1_218' title='bbox 870 3051 886 3090; x_wconf 88' lang='lat' dir='ltr'>a</span> <span class='ocrx_word' id='word_1_219' title='bbox 922 3030 1096 3090; x_wconf 82' lang='lat' dir='ltr'>Gratiarum</span> 
     </span>
     <span class='ocr_line' id='line_1_29' title="bbox 93 3126 1098 3207; baseline 0.003 -24"><span class='ocrx_word' id='word_1_220' title='bbox 93 3146 235 3198; x_wconf 85' lang='lat' dir='ltr'>numere,</span> <span class='ocrx_word' id='word_1_221' title='bbox 251 3134 282 3185; x_wconf 90' lang='lat' dir='ltr'>et</span> <span class='ocrx_word' id='word_1_222' title='bbox 302 3128 446 3206; x_wconf 86' lang='lat' dir='ltr'>progredi</span> <span class='ocrx_word' id='word_1_223' title='bbox 468 3126 506 3186; x_wconf 90' lang='lat' dir='ltr'>ad</span> <span class='ocrx_word' id='word_1_224' title='bbox 525 3127 701 3202; x_wconf 87' lang='lat' dir='ltr'>Musarum;</span> <span class='ocrx_word' id='word_1_225' title='bbox 723 3127 755 3185; x_wconf 92' lang='lat' dir='ltr'>id</span> <span class='ocrx_word' id='word_1_226' title='bbox 774 3136 830 3202; x_wconf 87' lang='lat' dir='ltr'>est,</span> <span class='ocrx_word' id='word_1_227' title='bbox 847 3127 1001 3207; x_wconf 87' lang='lat' dir='ltr'>proficisci</span> <span class='ocrx_word' id='word_1_228' title='bbox 1014 3148 1031 3186; x_wconf 89' lang='lat' dir='ltr'>a</span> <span class='ocrx_word' id='word_1_229' title='bbox 1043 3129 1098 3186; x_wconf 91' lang='lat' dir='ltr'>tri-</span> 
     </span>
    </p>

    <p class='ocr_par' dir='ltr' id='par_1_7' title="bbox 9 3222 1098 3693">
     <span class='ocr_line' id='line_1_30' title="bbox 9 3222 1098 3304; baseline 0.006 -26"><span class='ocrx_word' id='word_1_230' title='bbox 9 3257 10 3278; x_wconf 68' lang='lat'>1</span> <span class='ocrx_word' id='word_1_231' title='bbox 92 3222 164 3295; x_wconf 88' lang='lat' dir='ltr'>hus,</span> <span class='ocrx_word' id='word_1_232' title='bbox 180 3231 213 3282; x_wconf 91' lang='lat' dir='ltr'>et</span> <span class='ocrx_word' id='word_1_233' title='bbox 226 3222 444 3282; x_wconf 74' lang='lat' dir='ltr'>consistere&#39;in</span> <span class='ocrx_word' id='word_1_234' title='bbox 464 3244 575 3282; x_wconf 90' lang='lat' dir='ltr'>novem</span> <span class='ocrx_word' id='word_1_235' title='bbox 593 3242 599 3283; x_wconf 92' lang='lat'>:</span> <span class='ocrx_word' id='word_1_236' title='bbox 619 3231 664 3296; x_wconf 89' lang='lat' dir='ltr'>ut,</span> <span class='ocrx_word' id='word_1_237' title='bbox 679 3245 749 3283; x_wconf 84' lang='lat' dir='ltr'>eum</span> <span class='ocrx_word' id='word_1_238' title='bbox 765 3225 942 3304; x_wconf 88' lang='lat' dir='ltr'>paucissimi</span> <span class='ocrx_word' id='word_1_239' title='bbox 957 3225 1098 3285; x_wconf 87' lang='lat' dir='ltr'>convivae</span> 
     </span>
     <span class='ocr_line' id='line_1_31' title="bbox 91 3321 1097 3400; baseline 0.004 -22"><span class='ocrx_word' id='word_1_240' title='bbox 91 3329 178 3393; x_wconf 90' lang='lat' dir='ltr'>sunt,</span> <span class='ocrx_word' id='word_1_241' title='bbox 205 3341 269 3378; x_wconf 88' lang='lat' dir='ltr'>non</span> <span class='ocrx_word' id='word_1_242' title='bbox 293 3321 453 3400; x_wconf 89' lang='lat' dir='ltr'>pauciores</span> <span class='ocrx_word' id='word_1_243' title='bbox 478 3321 540 3380; x_wconf 90' lang='lat' dir='ltr'>sint</span> <span class='ocrx_word' id='word_1_244' title='bbox 554 3342 646 3400; x_wconf 87' lang='lat' dir='ltr'>quarn</span> <span class='ocrx_word' id='word_1_245' title='bbox 669 3328 747 3395; x_wconf 79' lang='lat' dir='ltr'>tres3</span> <span class='ocrx_word' id='word_1_246' title='bbox 775 3341 844 3380; x_wconf 92' lang='lat' dir='ltr'>cum</span> <span class='ocrx_word' id='word_1_247' title='bbox 871 3321 1006 3400; x_wconf 92' lang='lat' dir='ltr'>plurimi,</span> <span class='ocrx_word' id='word_1_248' title='bbox 1034 3344 1097 3382; x_wconf 91' lang='lat' dir='ltr'>non</span> 
     </span>
     <span class='ocr_line' id='line_1_32' title="bbox 88 3418 1098 3498; baseline 0.005 -24"><span class='ocrx_word' id='word_1_249' title='bbox 88 3418 198 3495; x_wconf 89' lang='lat' dir='ltr'>plures</span> <span class='ocrx_word' id='word_1_250' title='bbox 214 3438 307 3496; x_wconf 92' lang='lat' dir='ltr'>quam</span> <span class='ocrx_word' id='word_1_251' title='bbox 323 3438 445 3476; x_wconf 88' lang='lat' dir='ltr'>novem.</span> <span class='ocrx_word' id='word_1_252' title='bbox 464 3419 573 3497; x_wconf 83' lang='lat' dir='ltr'>«Nam</span> <span class='ocrx_word' id='word_1_253' title='bbox 593 3418 717 3489; x_wconf 89' lang='lat' dir='ltr'>multos,</span> <span class='ocrx_word' id='word_1_254' title='bbox 735 3419 846 3498; x_wconf 88' lang='lat' dir='ltr'>inquit,</span> <span class='ocrx_word' id='word_1_255' title='bbox 865 3439 929 3477; x_wconf 92' lang='lat' dir='ltr'>esse</span> <span class='ocrx_word' id='word_1_256' title='bbox 950 3440 1012 3478; x_wconf 92' lang='lat' dir='ltr'>non</span> <span class='ocrx_word' id='word_1_257' title='bbox 1026 3442 1098 3479; x_wconf 91' lang='lat' dir='ltr'>con-</span> 
     </span>
     <span class='ocr_line' id='line_1_33' title="bbox 89 3513 1096 3595; baseline 0.005 -24"><span class='ocrx_word' id='word_1_258' title='bbox 89 3513 190 3586; x_wconf 86' lang='lat' dir='ltr'>venit,</span> <span class='ocrx_word' id='word_1_259' title='bbox 204 3513 288 3594; x_wconf 91' lang='lat' dir='ltr'>quod</span> <span class='ocrx_word' id='word_1_260' title='bbox 301 3513 393 3573; x_wconf 89' lang='lat' dir='ltr'>turba</span> <span class='ocrx_word' id='word_1_261' title='bbox 403 3516 584 3595; x_wconf 89' lang='lat' dir='ltr'>plerumque</span> <span class='ocrx_word' id='word_1_262' title='bbox 599 3521 646 3574; x_wconf 89' lang='lat' dir='ltr'>est</span> <span class='ocrx_word' id='word_1_263' title='bbox 660 3514 849 3575; x_wconf 88' lang='lat' dir='ltr'>turbulenta.</span> <span class='ocrx_word' id='word_1_264' title='bbox 865 3515 969 3595; x_wconf 93' lang='lat' dir='ltr'>Ipsum</span> <span class='ocrx_word' id='word_1_265' title='bbox 985 3518 1096 3576; x_wconf 90' lang='lat' dir='ltr'>deinde</span> 
     </span>
     <span class='ocr_line' id='line_1_34' title="bbox 86 3611 1095 3693; baseline 0.006 -25"><span class='ocrx_word' id='word_1_266' title='bbox 86 3611 274 3671; x_wconf 89' lang='lat' dir='ltr'>convivium</span> <span class='ocrx_word' id='word_1_267' title='bbox 302 3617 434 3685; x_wconf 88' lang='lat' dir='ltr'>constat,</span> <span class='ocrx_word' id='word_1_268' title='bbox 463 3612 575 3693; x_wconf 88' lang='lat' dir='ltr'>inquit,</span> <span class='ocrx_word' id='word_1_269' title='bbox 606 3633 643 3672; x_wconf 89' lang='lat' dir='ltr'>ex</span> <span class='ocrx_word' id='word_1_270' title='bbox 672 3612 763 3672; x_wconf 88' lang='lat' dir='ltr'>rebus</span> <span class='ocrx_word' id='word_1_271' title='bbox 796 3620 943 3692; x_wconf 81' lang='lat' dir='ltr'>quatuor3</span> <span class='ocrx_word' id='word_1_272' title='bbox 971 3622 1002 3673; x_wconf 89' lang='lat' dir='ltr'>et</span> <span class='ocrx_word' id='word_1_273' title='bbox 1029 3621 1095 3674; x_wconf 86' lang='lat' dir='ltr'>tum</span> 
     </span>
    </p>
   </div>
   <div class='ocr_carea' id='block_1_6' title="bbox 87 3705 1095 3867">
    <p class='ocr_par' dir='ltr' id='par_1_8' title="bbox 87 3705 1095 3867">
     <span class='ocr_line' id='line_1_35' title="bbox 87 3705 1095 3788; baseline 0.004 -24"><span class='ocrx_word' id='word_1_274' title='bbox 87 3705 229 3788; x_wconf 89' lang='lat' dir='ltr'>denique</span> <span class='ocrx_word' id='word_1_275' title='bbox 258 3709 401 3767; x_wconf 89' lang='lat' dir='ltr'>omnibus</span> <span class='ocrx_word' id='word_1_276' title='bbox 429 3709 493 3767; x_wconf 91' lang='lat' dir='ltr'>suis</span> <span class='ocrx_word' id='word_1_277' title='bbox 524 3709 659 3769; x_wconf 91' lang='lat' dir='ltr'>numeris</span> <span class='ocrx_word' id='word_1_278' title='bbox 687 3708 861 3769; x_wconf 89' lang='lat' dir='ltr'>absolutum</span> <span class='ocrx_word' id='word_1_279' title='bbox 890 3716 946 3784; x_wconf 92' lang='lat' dir='ltr'>est,</span> <span class='ocrx_word' id='word_1_280' title='bbox 973 3711 998 3768; x_wconf 89' lang='lat' dir='ltr'>si</span> <span class='ocrx_word' id='word_1_281' title='bbox 1023 3711 1095 3769; x_wconf 87' lang='lat' dir='ltr'>belli</span> 
     </span>
     <span class='ocr_line' id='line_1_36' title="bbox 178 3813 1017 3867; baseline -0.001 -11"><span class='ocrx_word' id='word_1_282' title='bbox 178 3815 218 3856; x_wconf 83' lang='lat' dir='ltr'>Vie</span> <span class='ocrx_word' id='word_1_283' title='bbox 230 3815 310 3867; x_wconf 79' lang='lat' dir='ltr'>priate</span> <span class='ocrx_word' id='word_1_284' title='bbox 322 3813 359 3856; x_wconf 82' lang='lat' dir='ltr'>des</span> <span class='ocrx_word' id='word_1_285' title='bbox 371 3815 489 3857; x_wconf 73' lang='lat' dir='ltr'>Romaene.</span> <span class='ocrx_word' id='word_1_286' title='bbox 1003 3815 1017 3855; x_wconf 84' lang='grc'>6</span> 
     </span>
    </p>
   </div>
   <div class='ocr_carea' id='block_1_7' title="bbox 524 3896 663 3948">
    <p class='ocr_par' dir='ltr' id='par_1_9' title="bbox 524 3896 663 3948">
     <span class='ocr_line' id='line_1_37' title="bbox 524 3896 663 3948; baseline -0.014 -12"><span class='ocrx_word' id='word_1_287' title='bbox 524 3896 663 3948; x_wconf 76' lang='lat'><strong>-81-</strong></span> 
     </span>
    </p>
   </div>
   <div class='ocr_carea' id='block_1_8' title="bbox 0 0 1332 4258">
    <p class='ocr_par' dir='ltr' id='par_1_10' title="bbox 0 0 1332 4258">
     <span class='ocr_line' id='line_1_38' title="bbox 0 0 1332 4258; baseline 0 3"><span class='ocrx_word' id='word_1_288' title='bbox 0 0 1332 4258; x_wconf 95' lang='lat' dir='ltr'> </span> 
     </span>
    </p>
   </div>
  </div>
 </body>
</html>
