2656 4258
423 181 557 220 voluens
572 183 606 220 ΕΤ
621 167 798 222 cuulostTE'S.
816 197 854 206 -··
868 183 905 221 LA
919 182 1073 245 caumana

249 290 472 369 magnitudine,
492 292 545 371 qui
565 313 731 374 numquam
756 293 855 373 major
874 301 931 365 est,
951 314 1042 374 quam
1065 292 1117 352 ubi
1148 292 1249 352 aliena
1312 369 1313 372 Ἴ

249 387 386 467 seposuit
396 395 427 448 et
441 388 515 448 lecit
527 389 585 447 sibi
600 410 705 469 pacem
721 390 797 448 nihil
812 390 960 465 timendo,
973 390 1047 450 fecit
1057 389 1115 449 sibi
1123 389 1250 473 divitias

249 482 326 543 nibil
342 484 600 564 concupiscendo.
617 486 811 558 Vehiculum,
834 487 867 545 in
885 487 968 567 quod
985 485 1147 567 impositus
1167 505 1247 556 sum,

248 579 397 639 rusticum
419 586 476 640 est.
504 580 939 642 Mulaevivereseambrilando
958 589 1125 656 testantur;
1150 581 1250 640 mulio

248 675 451 748 excalceatus,
476 697 538 736 non
558 684 686 758 propter
703 685 854 741 aestatem.
874 679 935 738 Vix
957 699 974 738 a
997 699 1046 738 me
1065 678 1191 738 obtineo
1215 685 1249 737 ut

248 771 307 832 hoc
322 772 498 832 vehiculum
517 774 609 833 velim
627 773 726 833 videri
741 796 843 835 meum
859 799 865 834 :
887 775 979 835 durat
993 775 1092 835 adbuc
1104 795 1250 855 perversa

248 868 324 928 recti
337 869 523 929 verecundia
533 877 683 948 etquoties
693 871 724 929 in
740 871 873 952 aliquem
890 872 1071 932 comitatum
1085 871 1248 955 lautiorem
1266 927 1269 932 ,
1313 916 1314 936 ,

248 965 424 1039 incidimus,
436 965 555 1027 invitus
574 967 744 1028 erubesco:
768 968 851 1048 quod
874 973 1089 1047 argumentum
1108 974 1154 1028 est
1175 969 1247 1039 ista,

246 1082 317 1142 quae
332 1062 441 1141 probo,
465 1082 534 1142 quae
557 1062 660 1137 laudo,
687 1065 824 1124 nondum
845 1064 955 1126 babere
973 1072 1088 1148 certam
1102 1063 1206 1124 sedem
1217 1071 1250 1123 et
1313 1077 1314 1144 j

247 1157 446 1219 immobilem.
464 1159 576 1218 Parum
589 1160 834 1241 adhucproleci;
851 1162 987 1223 nondum
1008 1161 1107 1223 audeo
1119 1161 1250 1238 frugali·
1313 1169 1314 1224 l

247 1261 342 1314 tatem
363 1254 464 1336 palam
477 1255 568 1318 ferre.

246 1491 335 1551 204.
357 1493 527 1564 changes·
551 1497 596 1552 de
614 1496 818 1642 cunplpgince
853 1497 950 1556 n’est
981 1508 1053 1567 pas
1077 1497 1248 1566 chancer

777 1597 807 1641 e.

245 1681 400 1766 (Caelum,
422 1707 484 1747 non
499 1685 642 1748 animum
661 1693 794 1762 mutant,
812 1687 871 1772 qui
888 1694 975 1750 trans
988 1709 1074 1750 mare
1088 1690 1248 1768 currunt.)

179 1844 220 1908 2⁸
280 1843 360 1914 Quid
398 1845 519 1905 miraris
557 1844 634 1904 nihil
677 1845 733 1904 tibi
776 1843 1041 1925 peregrinationes
1088 1844 1248 1923 prodesse,

244 1957 315 1998 cum
342 1944 373 1997 te
396 1937 614 2000 circumferas?
624 1937 740 1997 Premit
755 1946 784 1998 te
798 1939 905 1998 cadem
918 1941 1015 2000 'causa
1034 1960 1103 2022 quae
1116 1940 1237 2020 expulit

245 2032 326 2102 Quid
350 2040 500 2094 terrarum
526 2036 635 2114 juvare
677 2035 799 2094 novitas
840 2037 966 2115 potest?
1002 2036 1077 2116 quid
1112 2037 1249 2115 cognitio

245 2129 366 2190 urbium
381 2138 434 2191 aut
446 2131 604 2190 locorum?
622 2132 653 2190 in
669 2131 790 2191 irritum
806 2132 889 2191 cedit
903 2132 962 2191 ista
972 2131 1112 2213 jactatio.
1130 2131 1250 2200 Quaeris

245 2247 339 2307 quare
352 2234 382 2287 te
400 2228 471 2306 luga
484 2227 543 2288 ista
560 2248 621 2287 non
640 2226 789 2307 adjuvet?
804 2229 919 2287 Tecum
941 2228 1032 2306 sugis.
1050 2229 1135 2290 Onus
1153 2231 1248 2290 animi

246 2322 461 2402 deponendum
477 2332 524 2384 est
537 2343 544 2385 ε
555 2344 617 2382 non
633 2330 703 2384 ante
716 2324 773 2384 tibi
792 2323 872 2384 ullus
887 2325 1021 2406 placebit
1031 2325 1128 2388 locus.
1152 2326 1249 2386 Vadis
1314 2395 1315 2398 Ἴ

245 2417 307 2478 huc
327 2418 411 2492 illuc,
434 2427 468 2479 ut
490 2420 627 2480 excutias
648 2421 784 2480 insidens
800 2421 932 2500 pondus,
957 2422 1040 2500 quod
1066 2423 1132 2503 ipsa
1147 2422 1250 2504 jacta·

246 2514 330 2574 tione
344 2514 569 2576 incommodius
582 2517 618 2576 fit
633 2535 640 2578 :
654 2517 735 2576 siout
754 2517 786 2576 in
807 2517 880 2577 navi
892 2538 984 2577 onera
1002 2518 1129 2580 immota
1145 2521 1248 2579 minus
1314 2517 1315 2532 ³

245 2618 367 2688 urgent,
384 2612 577 2692 inaequaliter
592 2613 759 2672 convoluta
776 2613 868 2674 citius
884 2635 951 2674 eam
971 2615 1140 2695 partemin
1155 2636 1246 2695 quam

246 2707 623 2788 incubueredemergunt.
653 2709 810 2790 Quidquid
831 2710 917 2786 facis,
937 2719 1045 2772 contra
1067 2708 1197 2772 te'sacis
1219 2721 1249 2771 et

245 2812 332 2865 motu
345 2805 413 2884 ipso
426 2825 518 2864 noces
531 2805 604 2879 tibi;
622 2826 736 2885 aegrum
752 2806 833 2865 enim
845 2808 997 2868 concutis.
1013 2809 1066 2884 At,
1082 2829 1152 2868 cum
1163 2809 1247 2869 istud

244 2901 392 2961 exemeris
409 2901 534 2975 malum,
556 2904 656 2962 omnis
676 2903 807 2962 mutatio
826 2903 886 2963 loci
902 2902 1041 2984 jucunda
1063 2903 1128 2964 fiet.
1148 2904 1249 2984 Magis

245 2997 313 3080 quis
323 2999 444 3058 veneris
457 3018 549 3078 quam
562 3020 634 3078 quo,
651 3000 789 3073 interest,
805 3008 836 3060 et
852 3000 922 3060 ideo
937 3000 1013 3060 nulli
1023 3001 1092 3060 loco
1105 3002 1248 3062 addicere

245 3095 394 3155 debemus
415 3095 561 3157 animum.
581 3096 659 3170 Cum
679 3097 736 3156 hac
762 3096 959 3176 persuasione
981 3097 1148 3158 vivendum
1172 3107 1247 3160 est:

248 3216 262 3247 α
280 3212 341 3250 non
356 3211 424 3251 sum
441 3191 494 3253 uni
507 3193 620 3270 angulo
631 3199 740 3254 natus:
758 3193 856 3272 patria
869 3213 936 3253 mea
951 3200 1035 3254 totus
1047 3193 1097 3253 hic
1112 3197 1250 3255 mundus

247 3295 305 3349 est.
318 3287 430 3356 »Quod
445 3288 470 3348 si
481 3288 614 3369 liqueret
628 3289 695 3363 tibi,
714 3311 773 3349 non
798 3289 991 3350 admirareris
1013 3290 1089 3349 nihil
1105 3291 1249 3371 adjuvari

247 3391 277 3444 te
295 3385 453 3463 regionum
468 3385 679 3458 varietatibus
703 3386 733 3444 in
752 3406 828 3466 quas
845 3385 976 3446 subinde
995 3387 1132 3466 priorum
1156 3390 1252 3449 taedio

245 3478 358 3557 migras
384 3500 390 3543 :
410 3483 507 3561 prima
527 3482 608 3541 enim
626 3503 755 3562 quaeque
775 3482 950 3562 placuisset,
972 3483 997 3542 si
1018 3504 1140 3542 omnem
1165 3494 1250 3547 tuam

241 3576 392 3636 crederes
411 3576 501 3635 Nunc
522 3597 584 3636 non
601 3576 819 3658 peregrinaris,
845 3575 899 3636 sed
921 3596 1016 3648 erras,
1033 3582 1065 3635 et
1082 3574 1198 3654 ageris,
1218 3599 1253 3638 ac

239 3674 344 3733 ‘locum
355 3692 392 3730 ex
407 3671 474 3731 loco
486 3681 597 3742 mutas,
614 3693 685 3732 cum
700 3672 787 3746 illud,
801 3671 883 3753 quod
897 3672 1021 3752 quaeris,
1039 3671 1115 3730 bene
1128 3671 1251 3737 vivere.

243 3769 327 3827 omni
343 3768 410 3826 loco
426 3766 560 3846 positum
577 3769 627 3828 sit.

671 3904 823 3954 -ue-
