2678 4250
346 180 431 238 308.
451 183 504 238 La
522 180 706 238 medecine
726 183 750 238 a
768 183 888 238 Rome.

251 283 422 364 (Quomodo
444 291 576 346 tractato
597 285 637 346 sit
659 287 763 346 Romae
786 280 978 369 medicine.)

150 440 251 500 Solam
268 442 346 501 hano
360 442 471 502 artium
483 441 659 502 Graecarum
673 444 809 502 nondum
828 452 949 504 exercet
963 445 1102 504 Romana
1114 446 1169 503 nh.

1 572 2 596 t
106 537 256 614 gravitas,
274 537 304 596 in
319 545 405 597 tanto
416 539 535 611 fructu;
551 540 727 618 paucissimi
742 540 905 607 Quiritium
921 541 1060 620 attigere,
1073 546 1104 598 et
1192 607 1195 618 γ

109 633 170 712 ipsi
188 634 291 693 statim
314 635 351 693 ad
373 634 497 694 Graecos
521 636 707 714 transfugae:
727 636 821 695 immo
843 657 917 696 vero
940 637 1107 696 auctoritas

106 728 300 810 aliterquum
313 751 410 810 graece
425 753 492 813 eum
509 732 724 806 tractantibus,
738 734 830 792 etiam
850 732 932 812 apud
947 732 1107 812 imperitos

1 853 2 856 ¹
106 833 312 908 expertesque
334 827 457 906 linguae,
483 838 615 888 nonest.
638 814 684 890 Ac
706 830 807 889 minus
826 831 957 889 credunt
979 849 1047 910 quae
1068 828 1107 888 ud

106 916 240 983 salutem
249 945 334 983 suam
343 925 508 1004 pertinent,
521 925 546 984 si
554 925 746 1004 intellegunt.
760 927 868 1007 Itaque
876 925 999 986 hercule
1009 925 1041 985 in
1051 925 1108 984 hac

1 1025 2 1030 ’
105 1020 222 1079 artium
250 1021 314 1080 sola
349 1021 453 1080 evenit
472 1029 506 1080 ut
531 1023 715 1103 cuicumque
738 1023 891 1105 medicum
917 1043 953 1108 se¹
968 1021 1108 1103 professo
1187 1037 1189 1041 '

105 1117 214 1176 statim
247 1119 400 1192 credatur,
426 1139 496 1178 cum
523 1119 564 1178 sit
586 1120 758 1198 periculum
784 1120 814 1179 in
841 1120 925 1180 nullo
947 1118 1108 1178 mendacio

108 1213 221 1293 majus,
234 1215 305 1273 Non
315 1223 417 1274 tumen
430 1215 505 1274 illud
516 1216 690 1276 intuemur:
705 1217 780 1275 adeo
790 1217 903 1276 blanda
913 1223 959 1276 est
967 1213 1109 1296 sperandi

108 1330 168 1388 pro
189 1311 350 1390 secuique
372 1311 516 1372 dulcedo.
541 1313 632 1371 Nulla
653 1296 801 1392 praeterea
829 1312 889 1387 lex,
911 1334 981 1392 quae
1000 1311 1109 1393 puniat
1177 1295 1180 1304 ¹

107 1407 287 1493 inscitiam:
307 1409 437 1488 capitale
461 1409 579 1468 nullum
602 1411 776 1490 exemplum
796 1410 951 1470 vindictae.
978 1409 1110 1468 Discunt

106 1496 254 1583 periculis
269 1506 393 1578 nostris,
406 1513 436 1564 et
451 1507 661 1586 experimenta
678 1527 734 1586 per
752 1514 866 1566 mortes
885 1513 995 1584 agunt3
1014 1505 1110 1564 medi-

104 1621 210 1680 coque
230 1608 351 1660 tantum
369 1601 524 1662 hominem
549 1603 698 1666 occidisse
720 1603 888 1682 impunitas
910 1623 1028 1661 summu
1051 1608 1108 1663 est.

102 1697 192 1764 Quin
206 1697 301 1756 immo
320 1699 431 1757 transit
447 1699 633 1773 convicium,
651 1707 681 1759 et
696 1699 931 1778 intemperantia
948 1698 1108 1778 culpatum

107 1794 254 1874 ultroque
276 1795 330 1875 qui
357 1796 474 1874 periere
503 1803 684 1874 arguuntur.
706 1796 765 1856 Sed
791 1795 925 1854 decuriae
946 1815 1003 1874 pro
1024 1814 1110 1853 more

101 1891 249 1952 censuris
260 1892 435 1972 principum
446 1894 675 1967 examinantur3
688 1900 719 1952 et
731 1892 782 1972 qui
796 1891 833 1950 de
844 1912 971 1950 nummo
978 1891 1109 1971 judicet,

89 2010 123 2047 n
140 1987 281 2047 Gadibus
292 1989 506 2070 columnisque
520 1990 663 2049 Herculis
678 1990 857 2062 arcessitur;
869 1988 907 2048 de
918 1987 1025 2046 exsilio
1036 2007 1110 2047 vero

101 2085 236 2144 nonnisi
253 2085 456 2165 quadraginta
469 2087 605 2167 quinque
619 2085 724 2146 electis
736 2087 811 2165 viris
830 2084 922 2144 datur
933 2084 1053 2145 tabella.
1069 2085 1112 2144 At

103 2200 146 2258 de
165 2199 270 2279 judice
287 2199 355 2279 ipso
372 2201 478 2280 quales
500 2201 532 2259 in
554 2201 716 2260 consilium
735 2206 820 2272 eunt,
836 2199 938 2259 statim
956 2198 1112 2259 occisuri?

103 2296 235 2369 Merito,
259 2295 332 2355 dum
354 2297 470 2356 nemini
489 2303 629 2359 nostrum
648 2297 724 2357 libet
742 2298 819 2357 scire
841 2295 915 2376 quid
939 2295 1031 2354 saluti
1047 2315 1111 2355 suae

95 2413 190 2473 opus
202 2393 251 2453 sit.

425 2545 509 2603 309.
529 2548 582 2603 Le
601 2545 798 2618 chirurgie.

478 2649 537 2730 (De
558 2649 745 2732 chirurqio.)

142 2807 286 2868 Tertiam
302 2828 367 2867 esse
383 2807 542 2867 medicinae
561 2815 691 2888 partem,
706 2830 775 2890 quae
795 2829 888 2868 manu
906 2814 1002 2880 curet,
1018 2806 1112 2884 vulgo
1138 2814 1180 2880 3·

93 2913 233 2964 notum.
258 2905 302 2962 Ea
321 2926 382 2964 non
403 2905 527 2986 quidem
547 2906 771 2964 medicamenta
787 2913 878 2984 utque
898 2905 1000 2964 victus
1019 2903 1114 2962 ratio-

96 3023 181 3060 nem
193 3000 319 3073 omittit,
330 3002 383 3060 sed
395 3022 487 3061 manu
499 3010 601 3061 tamen
613 3002 779 3082 plurimum
789 3009 930 3081 praestat3
943 3008 1035 3080 atque
1044 2999 1112 3080 ejus

96 3099 442 3159 effectusinteromnes
453 3098 615 3157 medicinae
627 3106 728 3178 partes
740 3097 1006 3157 evidentissimus:
1019 3096 1114 3176 siqui-

96 3197 182 3256 dem
202 3195 233 3253 in
253 3196 369 3254 morbis
385 3216 456 3254 cum
479 3195 611 3254 multum
630 3196 756 3255 fortuna
776 3195 925 3266 conferat,
945 3193 1113 3272 eademque

1 3319 2 3340 ³
92 3311 194 3371 saepe
215 3292 373 3366 salutaria,
395 3313 476 3372 saepe
496 3313 576 3351 vana
598 3291 670 3362 sint,
693 3298 796 3371 potest
817 3289 952 3349 dubitari
979 3289 1113 3349 secunda

1 3395 2 3418 ³
96 3381 258 3448 valetudo
276 3388 436 3446 medicinae
456 3409 494 3447 an
511 3389 647 3468 corporis
664 3386 1008 3464 beneficio-contigerit.
1025 3387 1067 3445 At
1081 3386 1113 3444 in

92 3507 142 3546 ea
158 3492 259 3566 parte,
277 3505 345 3564 quae
358 3505 450 3543 manu
466 3492 564 3558 curat,
582 3485 710 3544 evidens
725 3493 773 3543 est
785 3504 907 3543 omnem
926 3483 1111 3564 protectum,

95 3590 142 3642 ut
169 3581 287 3661 aliquid
309 3581 346 3640 ab
366 3580 435 3640 aliis
452 3581 627 3662 adjuvetur,
654 3581 728 3640 hinc
743 3588 846 3640 tamen
865 3579 1033 3660 plurimum
1051 3588 1115 3639 tra-

95 3679 197 3738 here.
218 3677 293 3736 Haec
308 3683 410 3736 autem
426 3698 507 3757 parS,
519 3698 590 3736 cum
607 3678 648 3736 sit
666 3677 887 3750 vetustissima,
900 3677 996 3754 magis
1011 3684 1112 3737 tamen

92 3776 146 3835 ab
170 3773 224 3832 illo
242 3782 367 3853 parente
385 3773 486 3832 omnis
504 3773 664 3834 medicinae
686 3774 875 3854 Hippocrate
886 3794 978 3854 quam
996 3794 1012 3833 a
1032 3772 1115 3852 prio-

536 3925 690 3976 -217-
