2656 4258
646 203 731 240 enom
753 185 835 240 emvrl:

243 311 398 396 trabebant
416 312 527 372 liberos
544 333 654 390 magna
671 333 740 372 cum
763 312 881 372 invidia
896 321 1035 372 senatum
1054 312 1178 382 adeunt,
1191 313 1244 390 jus

196 482 199 494 Ι
244 416 372 478 naturae,
396 409 515 468 labores
539 409 690 468 educandi
715 409 863 468 adversus
891 409 1030 468 fraudem
1056 417 1087 468 et
1107 417 1188 469 artes
1211 415 1243 466 et
1319 455 1320 496 ,

201 490 208 496 ⁴¹
244 504 424 564 brevitatem
447 505 621 585 adoptionis
641 513 832 565 enumerant.
854 506 935 565 Satis
957 506 1047 585 pretii
1070 526 1135 564 esse
1159 503 1244 563 orbis
1319 499 1320 530 l

243 601 325 681 quod
343 602 439 662 multa
453 602 628 675 securitate,
646 602 738 661 nullis
754 602 909 676 oneribus,
935 603 1075 682 gratiam,
1094 602 1241 674 honoreS,

243 707 353 758 cuncta
372 706 515 779 prompta
532 707 564 758 et
581 699 672 758 obvia
690 699 848 758 baberent.
873 699 937 758 Sibi
957 699 1108 779 promissa
1124 697 1242 776 legum,

243 794 294 854 diu
308 803 493 875 exspectata,
506 796 537 853 in
547 793 713 855 ludibrium
728 795 817 868 verti,
828 795 952 876 quando
965 796 1033 875 quis
1046 797 1111 854 sine
1126 794 1245 854 sollici-

171 965 172 968 ,
244 892 350 951 tudine
364 913 482 970 parens,
498 892 563 952 sine
573 891 658 951 luctu
669 892 772 965 orbae,
789 892 880 970 longa
894 899 1017 972 patrum
1028 898 1100 950 vota
1115 902 1244 971 repente
1320 955 1321 960 ἵ

243 987 428 1068 adaequarct.
451 988 578 1047 Factum
600 1009 690 1047 exeo
709 987 1021 1059 senatusconsultum,
1045 1009 1082 1047 ne
1100 988 1244 1048 simulata

242 1069 368 1165 adoptio
384 1085 488 1143 inulla
506 1092 591 1165 parte
611 1086 745 1145 muneris
764 1085 881 1166 publici
898 1085 1023 1165 juvaret
1039 1105 1074 1145 ao
1095 1106 1133 1144 ne
1153 1106 1244 1144 usur-

243 1182 352 1268 pandis
366 1181 491 1262 quidem
508 1181 913 1264 hereditatibusprodesset.
933 1255 934 1258 Ἴ

245 1367 326 1425 184.
345 1367 400 1423 La
419 1367 547 1423 femme
571 1366 734 1424 romalne
754 1370 813 1426 est
834 1387 847 1418 i
867 1366 906 1423 ln
929 1380 1038 1425 manu
1057 1365 1185 1424 mariti
1209 1385 1241 1421 ι».

401 1471 555 1550 (Romana
573 1471 692 1553 conjnx
713 1470 746 1531 in
767 1493 861 1532 manu
884 1470 993 1532 mariti
1007 1471 1076 1552 est.)

178 1616 218 1681 2⁸
283 1620 362 1680 Olim
390 1620 512 1679 feminee
536 1620 635 1680 tribus
663 1620 762 1680 modis
785 1621 817 1679 in
843 1641 968 1680 manum
990 1619 1242 1681 conveniebant:

243 1737 309 1788 usu,
324 1717 435 1790 ferree,
451 1718 656 1798 coemptione.
681 1717 745 1776 Usu
762 1718 794 1775 in
809 1738 934 1777 manum
955 1717 1159 1776 conveniebat
1173 1738 1245 1795 quae

242 1813 389 1873 continuo
399 1821 496 1894 nupta
506 1815 740 1894 perseverabat:
754 1835 825 1874 nam
839 1814 924 1872 velut
936 1833 1037 1872 annua
1050 1813 1245 1892 possessione
1322 1805 1323 1896 J

243 1910 490 1990 usucapiebatur,
505 1912 537 1969 in
554 1911 703 1970 familiam
725 1911 783 1970 viri
805 1911 967 1982 transibat,
987 1909 1118 1988 filiaeque
1138 1909 1242 1968 locum

241 2007 410 2067 obtinebat.
435 2009 542 2088 ltaque
556 2007 622 2085 lege
643 2007 813 2066 Duodecim
832 2007 1018 2066 Tabularum
1038 2013 1162 2066 cautum
1182 2015 1240 2078 est,

242 2112 276 2164 ut
294 2105 318 2163 si
335 2126 395 2183 qua
413 2104 509 2163 nollet
526 2125 561 2164 eo
580 2104 672 2163 modo
690 2105 722 2162 in
742 2124 867 2163 manum
886 2104 989 2163 mariti
1012 2103 1192 2174 convenire,
1209 2123 1244 2162 ea

241 2191 405 2281 quotannis
418 2201 563 2260 trinoctio
580 2201 710 2273 abesset,
724 2208 816 2281 atque
833 2222 868 2259 eo
885 2201 975 2260 modo
989 2221 1077 2259 usum
1091 2199 1245 2280 cujusque
1323 2245 1324 2284 ζ

241 2298 313 2357 anni
341 2299 587 2378 interrumperet.
616 2297 676 2356 Sed
700 2298 759 2356 hoc
788 2306 887 2356 totum
908 2297 960 2377 jus
989 2297 1101 2377 partim
1124 2295 1245 2374 legibus
1323 2297 1324 2306 ’

241 2393 394 2452 sublatum
416 2402 477 2468 est;
502 2395 614 2474 partim
636 2395 702 2474 ipsa
724 2393 927 2453 desuetudine
946 2393 1159 2453 oblitteratum
1183 2400 1242 2451 est.

243 2490 353 2549 Farreo
376 2491 406 2549 in
426 2513 550 2552 manum
571 2492 761 2551 conveniunt
779 2512 834 2572 per
855 2491 1010 2570 quoddam
1030 2510 1127 2568 genus
1149 2489 1245 2549 sacri·

241 2586 301 2645 ficii
317 2588 399 2668 quod
414 2588 485 2647 Jovi
505 2589 615 2647 Farreo
631 2588 675 2662 fit,
695 2589 726 2647 in
742 2609 803 2667 quo
818 2588 934 2646 ferreus
950 2587 1037 2666 panis
1053 2586 1217 2646 adhibetur
1234 2605 1241 2646 :

242 2684 324 2744 unde
358 2685 450 2744 etiam
492 2686 697 2746 confarreatio
731 2677 865 2744 dicitur]
893 2683 1060 2763 Complura
1093 2690 1243 2763 praeterea

242 2781 332 2861 hujus
354 2782 435 2863 juris
459 2783 621 2842 ordinandi
651 2782 747 2859 gratia
770 2803 837 2840 cum
865 2781 956 2840 certis
982 2789 1013 2839 et
1040 2778 1244 2839 sollemnibus

241 2879 352 2950 verbis,
370 2878 573 2959 praesentibus
584 2880 689 2937 decem
702 2879 842 2951 testibus,
855 2885 989 2955 aguntur
1003 2884 1033 2935 et
1048 2876 1137 2935 fiunt.
1150 2875 1244 2943 Quod

238 2975 289 3055 jus
310 2977 400 3035 etiam
428 2975 540 3034 nostris
566 2975 754 3055 temporibus
778 2976 810 3033 in
832 2997 889 3034 usu
914 2982 983 3034 cst:
1007 2994 1076 3033 nam
1101 2973 1244 3032 flamines

240 3072 382 3152 majores,
404 3072 435 3129 id
458 3080 504 3132 est
522 3072 636 3141 Diales,
661 3072 828 3146 Martiales,
850 3071 1031 3154 Quirinales,
1058 3070 1132 3128 item
1154 3091 1244 3148 reges

240 3189 407 3237 sacrorum,
430 3169 488 3226 nisi
508 3189 545 3227 ex
564 3170 702 3236 farreatis
723 3169 786 3228 nati
807 3189 869 3227 non
888 3168 1048 3246 leguntur;
1067 3187 1101 3226 ac
1121 3187 1159 3225 ne
1181 3166 1244 3246 ipsi

240 3265 363 3344 quidem
388 3265 453 3324 sine
471 3266 714 3324 confarreatione
738 3257 941 3324 sacerdotium
966 3265 1075 3322 habere
1097 3271 1243 3342 possunt.

240 3361 443 3441 Coemptione
466 3363 590 3420 veroin
612 3383 734 3420 manum
759 3362 948 3420 conveniunt
965 3383 1020 3442 per
1039 3360 1230 3440 mancipatio

240 3479 320 3524 nem,
339 3479 393 3538 per
408 3458 574 3537 quamdam
595 3459 806 3536 imaginariam
826 3458 1046 3529 venditionem;
1069 3479 1139 3516 nam
1154 3457 1245 3516 adhi-

240 3553 311 3613 bitis
332 3576 392 3612 non
415 3556 516 3614 minus
537 3576 628 3634 quam
650 3555 786 3634 quinque
804 3556 933 3614 testibus
953 3555 1071 3615 civibus
1092 3555 1245 3614 Romanis

242 3652 420 3731 puberibus,
439 3653 511 3710 item
534 3651 715 3731 libripende,
734 3672 799 3711 asse
813 3653 887 3711 emit
907 3653 953 3709 vir
972 3651 1130 3710 mulierem
1146 3671 1244 3733 quam

239 3750 270 3807 in
294 3769 419 3808 manum
437 3750 554 3828 recipit,
579 3757 608 3807 ct
630 3749 762 3808 invicem
782 3749 857 3808 emit
878 3769 948 3807 cum
969 3749 1077 3808 mulier
1098 3748 1188 3828 cujus
1210 3750 1242 3808 in

239 3866 362 3904 manum
378 3847 534 3904 convenit.

659 3925 762 3978 -128
786 3956 813 3966 -
