<?xml version="1.0" encoding="UTF-8"?>
<!DOCTYPE html PUBLIC "-//W3C//DTD XHTML 1.0 Transitional//EN"
    "http://www.w3.org/TR/xhtml1/DTD/xhtml1-transitional.dtd">
<html xmlns="http://www.w3.org/1999/xhtml" xml:lang="en" lang="en">
 <head>
  <title>
</title>
<meta http-equiv="Content-Type" content="text/html;charset=utf-8" />
  <meta name='ocr-system' content='tesseract 3.04.00' />
  <meta name='ocr-capabilities' content='ocr_page ocr_carea ocr_par ocr_line ocrx_word'/>
</head>
<body>
  <div class='ocr_page' id='page_1' title='image "./depublicaprivat00arnagoog_0254.png"; bbox 0 0 2678 4250; ppageno 0'>
   <div class='ocr_carea' id='block_1_1' title="bbox 130 217 915 412">
    <p class='ocr_par' dir='ltr' id='par_1_1' title="bbox 130 217 915 412">
     <span class='ocr_line' id='line_1_1' title="bbox 217 217 909 288; baseline -0.004 -14"><span class='ocrx_word' id='word_1_1' title='bbox 217 217 302 275; x_wconf 79' lang='lat'><strong>278.</strong></span> <span class='ocrx_word' id='word_1_2' title='bbox 322 218 392 274; x_wconf 83' lang='lat' dir='ltr'>Les</span> <span class='ocrx_word' id='word_1_3' title='bbox 411 217 623 286; x_wconf 87' lang='lat' dir='ltr'>pierreries.</span> <span class='ocrx_word' id='word_1_4' title='bbox 643 220 739 274; x_wconf 87' lang='lat' dir='ltr'>Leur</span> <span class='ocrx_word' id='word_1_5' title='bbox 758 217 909 288; x_wconf 80' lang='lat' dir='ltr'><strong>origine.</strong></span> 
     </span>
     <span class='ocr_line' id='line_1_2' title="bbox 130 327 915 412; baseline 0.001 -23"><span class='ocrx_word' id='word_1_6' title='bbox 130 327 132 330; x_wconf 67' lang='grc'><strong>’</strong></span> <span class='ocrx_word' id='word_1_7' title='bbox 210 329 267 410; x_wconf 90' lang='lat' dir='ltr'>(De</span> <span class='ocrx_word' id='word_1_8' title='bbox 288 328 420 411; x_wconf 73' lang='lat' dir='ltr'>pemmis</span> <span class='ocrx_word' id='word_1_9' title='bbox 442 337 472 390; x_wconf 88' lang='lat' dir='ltr'>et</span> <span class='ocrx_word' id='word_1_10' title='bbox 492 329 529 390; x_wconf 88' lang='lat' dir='ltr'>de</span> <span class='ocrx_word' id='word_1_11' title='bbox 549 351 746 412; x_wconf 78' lang='lat' dir='ltr'>pemmarum</span> <span class='ocrx_word' id='word_1_12' title='bbox 767 328 915 412; x_wconf 76' lang='lat' dir='ltr'>oripiue.)</span> 
     </span>
    </p>
   </div>
   <div class='ocr_carea' id='block_1_2' title="bbox 37 513 1127 2143">
    <p class='ocr_par' dir='ltr' id='par_1_2' title="bbox 86 513 1127 1560">
     <span class='ocr_line' id='line_1_3' title="bbox 120 513 1127 595; baseline 0.002 -23"><span class='ocrx_word' id='word_1_13' title='bbox 120 513 151 573; x_wconf 91' lang='lat' dir='ltr'>Ut</span> <span class='ocrx_word' id='word_1_14' title='bbox 169 514 243 573; x_wconf 90' lang='lat' dir='ltr'>nihil</span> <span class='ocrx_word' id='word_1_15' title='bbox 257 515 403 576; x_wconf 90' lang='lat' dir='ltr'>instituto</span> <span class='ocrx_word' id='word_1_16' title='bbox 424 516 509 595; x_wconf 90' lang='lat' dir='ltr'>operi</span> <span class='ocrx_word' id='word_1_17' title='bbox 524 517 614 589; x_wconf 90' lang='lat' dir='ltr'>desit,</span> <span class='ocrx_word' id='word_1_18' title='bbox 635 536 764 594; x_wconf 81' lang='lat' dir='ltr'>gemmae</span> <span class='ocrx_word' id='word_1_19' title='bbox 783 522 959 595; x_wconf 86' lang='lat' dir='ltr'><strong>supersunt,</strong></span> <span class='ocrx_word' id='word_1_20' title='bbox 980 523 1011 576; x_wconf 89' lang='lat' dir='ltr'>et</span> <span class='ocrx_word' id='word_1_21' title='bbox 1028 516 1060 575; x_wconf 91' lang='lat' dir='ltr'>in</span> <span class='ocrx_word' id='word_1_22' title='bbox 1073 518 1127 574; x_wconf 78' lang='lat' dir='ltr'>ah.</span> 
     </span>
     <span class='ocr_line' id='line_1_4' title="bbox 91 613 1062 694; baseline 0.005 -28"><span class='ocrx_word' id='word_1_23' title='bbox 91 618 166 669; x_wconf 86' lang='lat' dir='ltr'>artum</span> <span class='ocrx_word' id='word_1_24' title='bbox 188 619 292 670; x_wconf 89' lang='lat' dir='ltr'>coacta</span> <span class='ocrx_word' id='word_1_25' title='bbox 317 633 418 690; x_wconf 80' lang='lat' dir='ltr'>rerum</span> <span class='ocrx_word' id='word_1_26' title='bbox 447 621 564 672; x_wconf 85' lang='lat' dir='ltr'>naturae</span> <span class='ocrx_word' id='word_1_27' title='bbox 581 613 746 694; x_wconf 68' lang='lat' dir='ltr'>majestas</span> <span class='ocrx_word' id='word_1_28' title='bbox 777 613 881 672; x_wconf 89' lang='lat' dir='ltr'>multis</span> <span class='ocrx_word' id='word_1_29' title='bbox 905 613 989 671; x_wconf 92' lang='lat' dir='ltr'>nulla</span> <span class='ocrx_word' id='word_1_30' title='bbox 1015 613 1062 671; x_wconf 92' lang='lat' dir='ltr'>sui</span> 
     </span>
     <span class='ocr_line' id='line_1_5' title="bbox 91 709 1061 783; baseline 0.003 -19"><span class='ocrx_word' id='word_1_31' title='bbox 91 716 153 783; x_wconf 88' lang='lat' dir='ltr'>parte</span> <span class='ocrx_word' id='word_1_32' title='bbox 171 709 360 770; x_wconf 91' lang='lat' dir='ltr'>mirabilior:</span> <span class='ocrx_word' id='word_1_33' title='bbox 392 718 512 768; x_wconf 92' lang='lat' dir='ltr'>tantum</span> <span class='ocrx_word' id='word_1_34' title='bbox 543 710 685 769; x_wconf 92' lang='lat' dir='ltr'>tribuunt</span> <span class='ocrx_word' id='word_1_35' title='bbox 713 710 864 780; x_wconf 84' lang='lat' dir='ltr'>varietati,</span> <span class='ocrx_word' id='word_1_36' title='bbox 895 709 1061 782; x_wconf 77' lang='lat' dir='ltr'>coloribuS,</span> 
     </span>
     <span class='ocr_line' id='line_1_6' title="bbox 91 805 1065 884; baseline 0.004 -25"><span class='ocrx_word' id='word_1_37' title='bbox 91 805 209 878; x_wconf 84' lang='lat' dir='ltr'>nateriae,</span> <span class='ocrx_word' id='word_1_38' title='bbox 225 805 338 877; x_wconf 90' lang='lat' dir='ltr'>decori,</span> <span class='ocrx_word' id='word_1_39' title='bbox 356 806 465 864; x_wconf 88' lang='lat' dir='ltr'>violari</span> <span class='ocrx_word' id='word_1_40' title='bbox 479 807 571 865; x_wconf 92' lang='lat' dir='ltr'>etiam</span> <span class='ocrx_word' id='word_1_41' title='bbox 588 806 684 884; x_wconf 82' lang='lat' dir='ltr'>signis</span> <span class='ocrx_word' id='word_1_42' title='bbox 702 827 836 884; x_wconf 84' lang='lat' dir='ltr'>gemmas</span> <span class='ocrx_word' id='word_1_43' title='bbox 852 807 936 865; x_wconf 86' lang='lat' dir='ltr'>nefas</span> <span class='ocrx_word' id='word_1_44' title='bbox 951 805 1065 864; x_wconf 91' lang='lat' dir='ltr'>ducen-</span> 
     </span>
     <span class='ocr_line' id='line_1_7' title="bbox 90 902 1063 982; baseline 0.005 -28"><span class='ocrx_word' id='word_1_45' title='bbox 90 902 246 982; x_wconf 87' lang='lat' dir='ltr'>tes,aliquas</span> <span class='ocrx_word' id='word_1_46' title='bbox 257 923 330 961; x_wconf 90' lang='lat' dir='ltr'>vero</span> <span class='ocrx_word' id='word_1_47' title='bbox 338 909 424 962; x_wconf 91' lang='lat' dir='ltr'>extra</span> <span class='ocrx_word' id='word_1_48' title='bbox 433 904 530 982; x_wconf 89' lang='lat' dir='ltr'>pretia</span> <span class='ocrx_word' id='word_1_49' title='bbox 540 903 601 962; x_wconf 89' lang='lat' dir='ltr'>ulla</span> <span class='ocrx_word' id='word_1_50' title='bbox 613 903 846 982; x_wconf 88' lang='lat' dir='ltr'>taxationesque</span> <span class='ocrx_word' id='word_1_51' title='bbox 861 903 1063 962; x_wconf 92' lang='lat' dir='ltr'>humanarum</span> 
     </span>
     <span class='ocr_line' id='line_1_8' title="bbox 89 999 1089 1079; baseline 0.003 -26"><span class='ocrx_word' id='word_1_52' title='bbox 89 1015 158 1074; x_wconf 92' lang='lat' dir='ltr'>opum</span> <span class='ocrx_word' id='word_1_53' title='bbox 177 999 370 1069; x_wconf 78' lang='lat' dir='ltr'>arbitranteS,</span> <span class='ocrx_word' id='word_1_54' title='bbox 388 1007 423 1058; x_wconf 95' lang='lat' dir='ltr'>ut</span> <span class='ocrx_word' id='word_1_55' title='bbox 445 999 582 1079; x_wconf 86' lang='lat' dir='ltr'><strong>plerique</strong></span> <span class='ocrx_word' id='word_1_56' title='bbox 607 1000 642 1058; x_wconf 89' lang='lat' dir='ltr'>ad</span> <span class='ocrx_word' id='word_1_57' title='bbox 665 1020 813 1058; x_wconf 90' lang='lat' dir='ltr'>summam</span> <span class='ocrx_word' id='word_1_58' title='bbox 832 999 1063 1078; x_wconf 82' lang='lat' dir='ltr'>absolutamque</span> <span class='ocrx_word' id='word_1_59' title='bbox 1083 1032 1089 1046; x_wconf 60' lang='grc' dir='ltr'><em>ι</em></span> 
     </span>
     <span class='ocr_line' id='line_1_9' title="bbox 88 1090 1063 1175; baseline 0.007 -26"><span class='ocrx_word' id='word_1_60' title='bbox 88 1112 167 1153; x_wconf 81' lang='lat' dir='ltr'>rerum</span> <span class='ocrx_word' id='word_1_61' title='bbox 177 1103 294 1154; x_wconf 84' lang='lat' dir='ltr'>naturae</span> <span class='ocrx_word' id='word_1_62' title='bbox 307 1096 600 1175; x_wconf 87' lang='lat' dir='ltr'>contemplationem</span> <span class='ocrx_word' id='word_1_63' title='bbox 612 1097 685 1156; x_wconf 90' lang='lat' dir='ltr'>satis</span> <span class='ocrx_word' id='word_1_64' title='bbox 695 1097 735 1155; x_wconf 88' lang='lat' dir='ltr'>sit</span> <span class='ocrx_word' id='word_1_65' title='bbox 747 1118 805 1154; x_wconf 91' lang='lat' dir='ltr'>una</span> <span class='ocrx_word' id='word_1_66' title='bbox 818 1090 920 1174; x_wconf 86' lang='lat' dir='ltr'>aliqua</span> <span class='ocrx_word' id='word_1_67' title='bbox 930 1115 1063 1172; x_wconf 86' lang='lat' dir='ltr'>gemma.</span> 
     </span>
     <span class='ocr_line' id='line_1_10' title="bbox 88 1189 1063 1273; baseline -0.005 -19"><span class='ocrx_word' id='word_1_68' title='bbox 88 1189 143 1254; x_wconf 79' lang='lat' dir='ltr'>tluae</span> <span class='ocrx_word' id='word_1_69' title='bbox 160 1191 252 1250; x_wconf 89' lang='lat' dir='ltr'>luerit</span> <span class='ocrx_word' id='word_1_70' title='bbox 272 1193 357 1270; x_wconf 84' lang='lat' dir='ltr'>origo</span> <span class='ocrx_word' id='word_1_71' title='bbox 379 1214 579 1269; x_wconf 78' lang='lat' dir='ltr'>gemmarum,</span> <span class='ocrx_word' id='word_1_72' title='bbox 601 1201 632 1251; x_wconf 91' lang='lat' dir='ltr'>et</span> <span class='ocrx_word' id='word_1_73' title='bbox 651 1193 762 1273; x_wconf 93' lang='lat' dir='ltr'>quibus</span> <span class='ocrx_word' id='word_1_74' title='bbox 782 1192 878 1251; x_wconf 91' lang='lat' dir='ltr'>initiis</span> <span class='ocrx_word' id='word_1_75' title='bbox 895 1193 926 1250; x_wconf 89' lang='lat' dir='ltr'>iu</span> <span class='ocrx_word' id='word_1_76' title='bbox 943 1200 1063 1251; x_wconf 91' lang='lat' dir='ltr'>tantum</span> 
     </span>
     <span class='ocr_line' id='line_1_11' title="bbox 88 1287 1065 1369; baseline 0.002 -26"><span class='ocrx_word' id='word_1_77' title='bbox 88 1287 231 1347; x_wconf 88' lang='lat' dir='ltr'>admiratio</span> <span class='ocrx_word' id='word_1_78' title='bbox 255 1287 321 1347; x_wconf 88' lang='lat' dir='ltr'>haec</span> <span class='ocrx_word' id='word_1_79' title='bbox 348 1289 506 1359; x_wconf 81' lang='lat' dir='ltr'>exarserit,</span> <span class='ocrx_word' id='word_1_80' title='bbox 531 1291 596 1369; x_wconf 82' lang='lat' dir='ltr'>jam</span> <span class='ocrx_word' id='word_1_81' title='bbox 621 1289 766 1348; x_wconf 82' lang='lat' dir='ltr'>diximus,</span> <span class='ocrx_word' id='word_1_82' title='bbox 791 1289 914 1348; x_wconf 87' lang='lat' dir='ltr'>Fabulae</span> <span class='ocrx_word' id='word_1_83' title='bbox 935 1289 1065 1368; x_wconf 91' lang='lat' dir='ltr'>primor-</span> 
     </span>
     <span class='ocr_line' id='line_1_12' title="bbox 87 1382 1064 1466; baseline 0.005 -28"><span class='ocrx_word' id='word_1_84' title='bbox 87 1382 153 1443; x_wconf 90' lang='lat' dir='ltr'>dium</span> <span class='ocrx_word' id='word_1_85' title='bbox 166 1406 264 1464; x_wconf 91' lang='lat' dir='ltr'>arupe</span> <span class='ocrx_word' id='word_1_86' title='bbox 277 1385 432 1445; x_wconf 87' lang='lat' dir='ltr'>Caucasea</span> <span class='ocrx_word' id='word_1_87' title='bbox 444 1387 582 1457; x_wconf 90' lang='lat' dir='ltr'>tradunt,</span> <span class='ocrx_word' id='word_1_88' title='bbox 597 1387 792 1466; x_wconf 90' lang='lat' dir='ltr'>primumque</span> <span class='ocrx_word' id='word_1_89' title='bbox 808 1386 872 1445; x_wconf 89' lang='lat' dir='ltr'>saxi</span> <span class='ocrx_word' id='word_1_90' title='bbox 881 1385 974 1465; x_wconf 88' lang='lat' dir='ltr'>hujus</span> <span class='ocrx_word' id='word_1_91' title='bbox 983 1385 1064 1462; x_wconf 81' lang='lat' dir='ltr'>frag-</span> 
     </span>
     <span class='ocr_line' id='line_1_13' title="bbox 86 1481 1062 1560; baseline 0.003 -23"><span class='ocrx_word' id='word_1_92' title='bbox 86 1488 201 1540; x_wconf 86' lang='lat' dir='ltr'>mentum</span> <span class='ocrx_word' id='word_1_93' title='bbox 215 1481 368 1541; x_wconf 90' lang='lat' dir='ltr'>inclusum</span> <span class='ocrx_word' id='word_1_94' title='bbox 383 1483 463 1541; x_wconf 90' lang='lat' dir='ltr'>lerro</span> <span class='ocrx_word' id='word_1_95' title='bbox 478 1491 508 1541; x_wconf 94' lang='lat' dir='ltr'>et</span> <span class='ocrx_word' id='word_1_96' title='bbox 521 1482 620 1560; x_wconf 82' lang='lat' dir='ltr'>digito</span> <span class='ocrx_word' id='word_1_97' title='bbox 634 1482 809 1541; x_wconf 87' lang='lat' dir='ltr'>Promethei</span> <span class='ocrx_word' id='word_1_98' title='bbox 827 1482 1062 1553; x_wconf 90' lang='lat' dir='ltr'>circumdatum,</span> 
     </span>
    </p>

    <p class='ocr_par' dir='ltr' id='par_1_3' title="bbox 37 1574 1104 2143">
     <span class='ocr_line' id='line_1_14' title="bbox 37 1574 1065 1658; baseline 0.005 -26"><span class='ocrx_word' id='word_1_99' title='bbox 37 1607 38 1612; x_wconf 19' lang='grc' dir='ltr'><strong>κ</strong></span> <span class='ocrx_word' id='word_1_100' title='bbox 85 1574 131 1635; x_wconf 90' lang='lat' dir='ltr'>hoe</span> <span class='ocrx_word' id='word_1_101' title='bbox 144 1578 233 1637; x_wconf 89' lang='lat' dir='ltr'>luisse</span> <span class='ocrx_word' id='word_1_102' title='bbox 249 1579 386 1650; x_wconf 89' lang='lat' dir='ltr'>anulum,</span> <span class='ocrx_word' id='word_1_103' title='bbox 404 1586 435 1638; x_wconf 92' lang='lat' dir='ltr'>et</span> <span class='ocrx_word' id='word_1_104' title='bbox 452 1580 510 1638; x_wconf 92' lang='lat' dir='ltr'>hoc</span> <span class='ocrx_word' id='word_1_105' title='bbox 526 1600 688 1657; x_wconf 83' lang='lat' dir='ltr'>gemmam.</span> <span class='ocrx_word' id='word_1_106' title='bbox 705 1580 760 1638; x_wconf 93' lang='lat' dir='ltr'>His</span> <span class='ocrx_word' id='word_1_107' title='bbox 776 1579 872 1636; x_wconf 87' lang='lat' dir='ltr'>initiis</span> <span class='ocrx_word' id='word_1_108' title='bbox 886 1579 981 1658; x_wconf 82' lang='lat' dir='ltr'>coepit</span> <span class='ocrx_word' id='word_1_109' title='bbox 994 1599 1065 1638; x_wconf 90' lang='lat' dir='ltr'>auc-</span> 
     </span>
     <span class='ocr_line' id='line_1_15' title="bbox 86 1673 1065 1756; baseline 0.005 -27"><span class='ocrx_word' id='word_1_110' title='bbox 86 1673 177 1732; x_wconf 84' lang='lat' dir='ltr'>toritas</span> <span class='ocrx_word' id='word_1_111' title='bbox 192 1676 223 1732; x_wconf 92' lang='lat' dir='ltr'>in</span> <span class='ocrx_word' id='word_1_112' title='bbox 240 1683 360 1734; x_wconf 91' lang='lat' dir='ltr'>tantum</span> <span class='ocrx_word' id='word_1_113' title='bbox 377 1696 510 1734; x_wconf 91' lang='lat' dir='ltr'>amorem</span> <span class='ocrx_word' id='word_1_114' title='bbox 527 1677 605 1734; x_wconf 89' lang='lat' dir='ltr'>elata</span> <span class='ocrx_word' id='word_1_115' title='bbox 617 1684 651 1734; x_wconf 94' lang='lat' dir='ltr'>ut</span> <span class='ocrx_word' id='word_1_116' title='bbox 663 1675 814 1756; x_wconf 87' lang='lat' dir='ltr'>Polycrati</span> <span class='ocrx_word' id='word_1_117' title='bbox 829 1676 943 1748; x_wconf 87' lang='lat' dir='ltr'>Sami0,</span> <span class='ocrx_word' id='word_1_118' title='bbox 958 1695 1065 1734; x_wconf 90' lang='lat' dir='ltr'>severo</span> 
     </span>
     <span class='ocr_line' id='line_1_16' title="bbox 37 1767 1104 1852; baseline 0.006 -28"><span class='ocrx_word' id='word_1_119' title='bbox 37 1773 38 1776; x_wconf 74' lang='grc'>’</span> <span class='ocrx_word' id='word_1_120' title='bbox 83 1767 233 1830; x_wconf 91' lang='lat' dir='ltr'>insularum</span> <span class='ocrx_word' id='word_1_121' title='bbox 245 1793 281 1831; x_wconf 89' lang='lat' dir='ltr'>ac</span> <span class='ocrx_word' id='word_1_122' title='bbox 292 1772 418 1830; x_wconf 91' lang='lat' dir='ltr'>litorum</span> <span class='ocrx_word' id='word_1_123' title='bbox 430 1780 572 1852; x_wconf 83' lang='lat' dir='ltr'>tyranno,</span> <span class='ocrx_word' id='word_1_124' title='bbox 587 1772 742 1831; x_wconf 80' lang='lat' dir='ltr'>felicitatis</span> <span class='ocrx_word' id='word_1_125' title='bbox 753 1793 825 1842; x_wconf 82' lang='lat' dir='ltr'>suae,</span> <span class='ocrx_word' id='word_1_126' title='bbox 837 1793 929 1852; x_wconf 90' lang='lat' dir='ltr'>quam</span> <span class='ocrx_word' id='word_1_127' title='bbox 938 1773 1064 1830; x_wconf 88' lang='lat' dir='ltr'>nimiam</span> <span class='ocrx_word' id='word_1_128' title='bbox 1101 1839 1104 1845; x_wconf 27' lang='lat'><strong><em>¹</em></strong></span> 
     </span>
     <span class='ocr_line' id='line_1_17' title="bbox 84 1865 1065 1949; baseline 0.004 -28"><span class='ocrx_word' id='word_1_129' title='bbox 84 1865 221 1927; x_wconf 81' lang='lat' dir='ltr'>fatebatur</span> <span class='ocrx_word' id='word_1_130' title='bbox 238 1869 315 1948; x_wconf 91' lang='lat' dir='ltr'>ipse,</span> <span class='ocrx_word' id='word_1_131' title='bbox 335 1870 409 1928; x_wconf 90' lang='lat' dir='ltr'>satis</span> <span class='ocrx_word' id='word_1_132' title='bbox 428 1870 574 1949; x_wconf 89' lang='lat' dir='ltr'>piamenti</span> <span class='ocrx_word' id='word_1_133' title='bbox 590 1870 621 1927; x_wconf 91' lang='lat' dir='ltr'>in</span> <span class='ocrx_word' id='word_1_134' title='bbox 638 1869 727 1927; x_wconf 91' lang='lat' dir='ltr'>unius</span> <span class='ocrx_word' id='word_1_135' title='bbox 750 1889 877 1946; x_wconf 84' lang='lat' dir='ltr'>gemmae</span> <span class='ocrx_word' id='word_1_136' title='bbox 890 1868 1065 1927; x_wconf 91' lang='lat' dir='ltr'>voluntario</span> 
     </span>
     <span class='ocr_line' id='line_1_18' title="bbox 83 1961 1063 2044; baseline 0.005 -26"><span class='ocrx_word' id='word_1_137' title='bbox 83 1961 179 2023; x_wconf 92' lang='lat' dir='ltr'>damno</span> <span class='ocrx_word' id='word_1_138' title='bbox 190 1965 356 2036; x_wconf 87' lang='lat' dir='ltr'>videretur,</span> <span class='ocrx_word' id='word_1_139' title='bbox 370 1967 395 2023; x_wconf 89' lang='lat' dir='ltr'>si</span> <span class='ocrx_word' id='word_1_140' title='bbox 408 1987 477 2024; x_wconf 95' lang='lat' dir='ltr'>cum</span> <span class='ocrx_word' id='word_1_141' title='bbox 491 1966 623 2024; x_wconf 79' lang='lat' dir='ltr'>fortunae</span> <span class='ocrx_word' id='word_1_142' title='bbox 636 1965 828 2024; x_wconf 88' lang='lat' dir='ltr'>volubilitate</span> <span class='ocrx_word' id='word_1_143' title='bbox 841 1965 926 2044; x_wconf 91' lang='lat' dir='ltr'>paria</span> <span class='ocrx_word' id='word_1_144' title='bbox 937 1965 1063 2040; x_wconf 84' lang='lat' dir='ltr'>laceret,</span> 
     </span>
     <span class='ocr_line' id='line_1_19' title="bbox 85 2059 1065 2143; baseline 0.002 -26"><span class='ocrx_word' id='word_1_145' title='bbox 85 2059 219 2141; x_wconf 88' lang='lat' dir='ltr'>planeque</span> <span class='ocrx_word' id='word_1_146' title='bbox 235 2062 273 2120; x_wconf 93' lang='lat' dir='ltr'>ab</span> <span class='ocrx_word' id='word_1_147' title='bbox 288 2062 404 2120; x_wconf 92' lang='lat' dir='ltr'>invidia</span> <span class='ocrx_word' id='word_1_148' title='bbox 420 2063 486 2143; x_wconf 88' lang='lat' dir='ltr'>ejus</span> <span class='ocrx_word' id='word_1_149' title='bbox 501 2063 623 2122; x_wconf 89' lang='lat' dir='ltr'>abunde</span> <span class='ocrx_word' id='word_1_150' title='bbox 641 2083 672 2120; x_wconf 91' lang='lat' dir='ltr'>se</span> <span class='ocrx_word' id='word_1_151' title='bbox 687 2061 795 2120; x_wconf 89' lang='lat' dir='ltr'>redimi</span> <span class='ocrx_word' id='word_1_152' title='bbox 815 2067 949 2141; x_wconf 86' lang='lat' dir='ltr'>putaret,</span> <span class='ocrx_word' id='word_1_153' title='bbox 966 2061 991 2120; x_wconf 89' lang='lat' dir='ltr'>si</span> <span class='ocrx_word' id='word_1_154' title='bbox 1006 2061 1065 2120; x_wconf 92' lang='lat' dir='ltr'>hoc</span> 
     </span>
    </p>
   </div>
   <div class='ocr_carea' id='block_1_3' title="bbox 84 2158 340 2218">
    <p class='ocr_par' dir='ltr' id='par_1_4' title="bbox 84 2158 340 2218">
     <span class='ocr_line' id='line_1_20' title="bbox 84 2158 340 2218; baseline 0.023 -7"><span class='ocrx_word' id='word_1_155' title='bbox 84 2175 166 2214; x_wconf 90' lang='lat' dir='ltr'>uuum</span> <span class='ocrx_word' id='word_1_156' title='bbox 180 2158 340 2218; x_wconf 89' lang='lat' dir='ltr'>doluisset.</span> 
     </span>
    </p>
   </div>
   <div class='ocr_carea' id='block_1_4' title="bbox 260 2413 869 2618">
    <p class='ocr_par' dir='ltr' id='par_1_5' title="bbox 260 2413 869 2618">
     <span class='ocr_line' id='line_1_21' title="bbox 260 2413 869 2485; baseline -0.005 -11"><span class='ocrx_word' id='word_1_157' title='bbox 260 2415 347 2474; x_wconf 78' lang='lat'><strong>279.</strong></span> <span class='ocrx_word' id='word_1_158' title='bbox 367 2418 438 2473; x_wconf 85' lang='lat' dir='ltr'>Les</span> <span class='ocrx_word' id='word_1_159' title='bbox 456 2417 580 2485; x_wconf 86' lang='lat' dir='ltr'>perles</span> <span class='ocrx_word' id='word_1_160' title='bbox 600 2416 645 2472; x_wconf 87' lang='lat' dir='ltr'>de</span> <span class='ocrx_word' id='word_1_161' title='bbox 664 2413 869 2484; x_wconf 69' lang='lat' dir='ltr'>cleopatra.</span> 
     </span>
     <span class='ocr_line' id='line_1_22' title="bbox 330 2513 803 2618; baseline -0.002 -21"><span class='ocrx_word' id='word_1_162' title='bbox 330 2513 395 2618; x_wconf 69' lang='grc' dir='ltr'>(Βέ</span> <span class='ocrx_word' id='word_1_163' title='bbox 411 2537 585 2618; x_wconf 80' lang='lat' dir='ltr'>Cleopatrae</span> <span class='ocrx_word' id='word_1_164' title='bbox 608 2534 803 2617; x_wconf 79' lang='lat' dir='ltr'>unionibus.)</span> 
     </span>
    </p>
   </div>
   <div class='ocr_carea' id='block_1_5' title="bbox 37 2697 1139 3856">
    <p class='ocr_par' dir='ltr' id='par_1_6' title="bbox 37 2697 1128 2890">
     <span class='ocr_line' id='line_1_23' title="bbox 37 2697 1128 2794; baseline 0.004 -26"><span class='ocrx_word' id='word_1_165' title='bbox 37 2697 39 2778; x_wconf 66' lang='lat' dir='ltr'>l</span> <span class='ocrx_word' id='word_1_166' title='bbox 112 2711 176 2772; x_wconf 90' lang='lat' dir='ltr'>Duo</span> <span class='ocrx_word' id='word_1_167' title='bbox 192 2713 277 2774; x_wconf 87' lang='lat' dir='ltr'>fuere</span> <span class='ocrx_word' id='word_1_168' title='bbox 290 2714 415 2773; x_wconf 89' lang='lat' dir='ltr'>maximi</span> <span class='ocrx_word' id='word_1_169' title='bbox 433 2704 562 2773; x_wconf 83' lang='lat' dir='ltr'>uniones</span> <span class='ocrx_word' id='word_1_170' title='bbox 575 2735 630 2792; x_wconf 90' lang='lat' dir='ltr'>per</span> <span class='ocrx_word' id='word_1_171' title='bbox 647 2733 737 2772; x_wconf 89' lang='lat' dir='ltr'>omne</span> <span class='ocrx_word' id='word_1_172' title='bbox 753 2731 876 2774; x_wconf 90' lang='lat' dir='ltr'>aevum:</span> <span class='ocrx_word' id='word_1_173' title='bbox 893 2719 1058 2794; x_wconf 88' lang='lat' dir='ltr'>utrumque</span> <span class='ocrx_word' id='word_1_174' title='bbox 1074 2724 1128 2780; x_wconf 71' lang='lat' dir='ltr'>nh.</span> 
     </span>
     <span class='ocr_line' id='line_1_24' title="bbox 78 2809 1062 2890; baseline 0.004 -26"><span class='ocrx_word' id='word_1_175' title='bbox 78 2811 203 2882; x_wconf 90' lang='lat' dir='ltr'>possedit</span> <span class='ocrx_word' id='word_1_176' title='bbox 218 2811 393 2890; x_wconf 88' lang='lat' dir='ltr'>Cleopatra,</span> <span class='ocrx_word' id='word_1_177' title='bbox 408 2831 463 2890; x_wconf 88' lang='lat' dir='ltr'>per</span> <span class='ocrx_word' id='word_1_178' title='bbox 479 2831 589 2870; x_wconf 92' lang='lat' dir='ltr'>manus</span> <span class='ocrx_word' id='word_1_179' title='bbox 609 2810 744 2869; x_wconf 89' lang='lat' dir='ltr'>Orientis</span> <span class='ocrx_word' id='word_1_180' title='bbox 764 2830 869 2888; x_wconf 84' lang='lat' dir='ltr'>regum</span> <span class='ocrx_word' id='word_1_181' title='bbox 890 2810 948 2868; x_wconf 90' lang='lat' dir='ltr'>sibi</span> <span class='ocrx_word' id='word_1_182' title='bbox 966 2809 1062 2869; x_wconf 86' lang='lat' dir='ltr'>tradi-</span> 
     </span>
    </p>

    <p class='ocr_par' dir='ltr' id='par_1_7' title="bbox 37 2907 1066 2987">
     <span class='ocr_line' id='line_1_25' title="bbox 37 2907 1066 2987; baseline 0.008 -30"><span class='ocrx_word' id='word_1_183' title='bbox 37 2979 38 2984; x_wconf 10' lang='lat'><em>*</em></span> <span class='ocrx_word' id='word_1_184' title='bbox 77 2909 128 2964; x_wconf 86' lang='lat' dir='ltr'>tos.</span> <span class='ocrx_word' id='word_1_185' title='bbox 149 2908 232 2983; x_wconf 83' lang='lat' dir='ltr'>Haec,</span> <span class='ocrx_word' id='word_1_186' title='bbox 256 2929 326 2967; x_wconf 92' lang='lat' dir='ltr'>cum</span> <span class='ocrx_word' id='word_1_187' title='bbox 355 2907 514 2987; x_wconf 86' lang='lat' dir='ltr'>exquisitis</span> <span class='ocrx_word' id='word_1_188' title='bbox 540 2907 678 2986; x_wconf 88' lang='lat' dir='ltr'>quotidie</span> <span class='ocrx_word' id='word_1_189' title='bbox 698 2907 853 2966; x_wconf 88' lang='lat' dir='ltr'>Antonius</span> <span class='ocrx_word' id='word_1_190' title='bbox 875 2907 1066 2984; x_wconf 85' lang='lat' dir='ltr'>saginaretur</span> 
     </span>
    </p>

    <p class='ocr_par' dir='ltr' id='par_1_8' title="bbox 37 3002 1063 3084">
     <span class='ocr_line' id='line_1_26' title="bbox 37 3002 1063 3084; baseline 0.003 -26"><span class='ocrx_word' id='word_1_191' title='bbox 37 3073 39 3076; x_wconf 22' lang='grc' dir='ltr'>Ι</span> <span class='ocrx_word' id='word_1_192' title='bbox 76 3002 175 3076; x_wconf 87' lang='lat' dir='ltr'>epulis,</span> <span class='ocrx_word' id='word_1_193' title='bbox 192 3004 324 3084; x_wconf 91' lang='lat' dir='ltr'>superbo</span> <span class='ocrx_word' id='word_1_194' title='bbox 340 3004 430 3063; x_wconf 91' lang='lat' dir='ltr'>simul</span> <span class='ocrx_word' id='word_1_195' title='bbox 448 3025 483 3063; x_wconf 90' lang='lat' dir='ltr'>ac</span> <span class='ocrx_word' id='word_1_196' title='bbox 493 3005 616 3084; x_wconf 86' lang='lat' dir='ltr'>procaci</span> <span class='ocrx_word' id='word_1_197' title='bbox 631 3004 723 3076; x_wconf 85' lang='lat' dir='ltr'>fastu,</span> <span class='ocrx_word' id='word_1_198' title='bbox 742 3011 777 3063; x_wconf 93' lang='lat' dir='ltr'>ut</span> <span class='ocrx_word' id='word_1_199' title='bbox 790 3004 896 3083; x_wconf 84' lang='lat' dir='ltr'>regina</span> <span class='ocrx_word' id='word_1_200' title='bbox 909 3003 1063 3075; x_wconf 84' lang='lat' dir='ltr'>meretrix,</span> 
     </span>
    </p>

    <p class='ocr_par' dir='ltr' id='par_1_9' title="bbox 77 3094 1139 3856">
     <span class='ocr_line' id='line_1_27' title="bbox 79 3094 1139 3182; baseline 0.005 -29"><span class='ocrx_word' id='word_1_201' title='bbox 79 3094 216 3160; x_wconf 89' lang='lat' dir='ltr'>lautitiam</span> <span class='ocrx_word' id='word_1_202' title='bbox 233 3103 299 3182; x_wconf 88' lang='lat' dir='ltr'>ejus</span> <span class='ocrx_word' id='word_1_203' title='bbox 315 3123 437 3160; x_wconf 91' lang='lat' dir='ltr'>omnem</span> <span class='ocrx_word' id='word_1_204' title='bbox 451 3108 694 3181; x_wconf 88' lang='lat' dir='ltr'>apparatumque</span> <span class='ocrx_word' id='word_1_205' title='bbox 706 3101 893 3173; x_wconf 88' lang='lat' dir='ltr'>obtrectans,</span> <span class='ocrx_word' id='word_1_206' title='bbox 910 3106 1065 3180; x_wconf 89' lang='lat' dir='ltr'>quaerente</span> <span class='ocrx_word' id='word_1_207' title='bbox 1137 3127 1139 3130; x_wconf 94' lang='lat'>·</span> 
     </span>
     <span class='ocr_line' id='line_1_28' title="bbox 78 3196 1066 3276; baseline 0 -22"><span class='ocrx_word' id='word_1_208' title='bbox 78 3211 108 3248; x_wconf 77' lang='lat' dir='ltr'>eo</span> <span class='ocrx_word' id='word_1_209' title='bbox 121 3197 192 3274; x_wconf 89' lang='lat' dir='ltr'>quid</span> <span class='ocrx_word' id='word_1_210' title='bbox 209 3199 327 3258; x_wconf 86' lang='lat' dir='ltr'>adstrui</span> <span class='ocrx_word' id='word_1_211' title='bbox 347 3199 582 3276; x_wconf 82' lang='lat' dir='ltr'>magnificentiae</span> <span class='ocrx_word' id='word_1_212' title='bbox 603 3204 716 3276; x_wconf 90' lang='lat' dir='ltr'>posset,</span> <span class='ocrx_word' id='word_1_213' title='bbox 734 3196 905 3276; x_wconf 88' lang='lat' dir='ltr'>respondit,</span> <span class='ocrx_word' id='word_1_214' title='bbox 925 3219 939 3250; x_wconf 90' lang='lat'>«</span> <span class='ocrx_word' id='word_1_215' title='bbox 957 3217 1017 3254; x_wconf 93' lang='lat' dir='ltr'>una</span> <span class='ocrx_word' id='word_1_216' title='bbox 1034 3217 1066 3254; x_wconf 89' lang='lat' dir='ltr'>se</span> 
     </span>
     <span class='ocr_line' id='line_1_29' title="bbox 77 3291 1066 3373; baseline 0.007 -29"><span class='ocrx_word' id='word_1_217' title='bbox 77 3307 144 3352; x_wconf 80' lang='lat' dir='ltr'>cena</span> <span class='ocrx_word' id='word_1_218' title='bbox 172 3295 288 3354; x_wconf 88' lang='lat' dir='ltr'>centies</span> <span class='ocrx_word' id='word_1_219' title='bbox 321 3295 444 3353; x_wconf 90' lang='lat' dir='ltr'>H—S</span> <span class='ocrx_word' id='word_1_220' title='bbox 473 3295 747 3373; x_wconf 84' lang='lat' dir='ltr'>absumpturam.»</span> <span class='ocrx_word' id='word_1_221' title='bbox 770 3292 923 3372; x_wconf 91' lang='lat' dir='ltr'>Cupiebat</span> <span class='ocrx_word' id='word_1_222' title='bbox 949 3291 1066 3351; x_wconf 90' lang='lat' dir='ltr'>discere</span> 
     </span>
     <span class='ocr_line' id='line_1_30' title="bbox 77 3385 1067 3471; baseline 0.005 -28"><span class='ocrx_word' id='word_1_223' title='bbox 77 3385 231 3464; x_wconf 74' lang='lat' dir='ltr'>Antonius,</span> <span class='ocrx_word' id='word_1_224' title='bbox 247 3391 300 3451; x_wconf 89' lang='lat' dir='ltr'>sed</span> <span class='ocrx_word' id='word_1_225' title='bbox 316 3391 380 3449; x_wconf 89' lang='lat' dir='ltr'>fieri</span> <span class='ocrx_word' id='word_1_226' title='bbox 394 3412 482 3471; x_wconf 90' lang='lat' dir='ltr'>posse</span> <span class='ocrx_word' id='word_1_227' title='bbox 502 3412 563 3449; x_wconf 92' lang='lat' dir='ltr'>non</span> <span class='ocrx_word' id='word_1_228' title='bbox 583 3390 797 3450; x_wconf 90' lang='lat' dir='ltr'>arbitrabatur.</span> <span class='ocrx_word' id='word_1_229' title='bbox 815 3389 907 3467; x_wconf 85' lang='lat' dir='ltr'>Ergo,</span> <span class='ocrx_word' id='word_1_230' title='bbox 926 3389 1067 3467; x_wconf 90' lang='lat' dir='ltr'>sponsio-</span> 
     </span>
     <span class='ocr_line' id='line_1_31' title="bbox 77 3481 1068 3568; baseline 0.003 -30"><span class='ocrx_word' id='word_1_231' title='bbox 77 3481 158 3542; x_wconf 85' lang='lat' dir='ltr'>nibus</span> <span class='ocrx_word' id='word_1_232' title='bbox 170 3487 270 3560; x_wconf 85' lang='lat' dir='ltr'>lactis,</span> <span class='ocrx_word' id='word_1_233' title='bbox 287 3495 411 3567; x_wconf 89' lang='lat' dir='ltr'>postero</span> <span class='ocrx_word' id='word_1_234' title='bbox 431 3488 480 3546; x_wconf 90' lang='lat' dir='ltr'>die</span> <span class='ocrx_word' id='word_1_235' title='bbox 499 3507 560 3568; x_wconf 92' lang='lat' dir='ltr'>quo</span> <span class='ocrx_word' id='word_1_236' title='bbox 577 3487 731 3567; x_wconf 87' lang='lat' dir='ltr'>judicium</span> <span class='ocrx_word' id='word_1_237' title='bbox 751 3485 909 3563; x_wconf 84' lang='lat' dir='ltr'>agebatur,</span> <span class='ocrx_word' id='word_1_238' title='bbox 926 3485 1068 3563; x_wconf 84' lang='lat' dir='ltr'>magnifi-</span> 
     </span>
     <span class='ocr_line' id='line_1_32' title="bbox 77 3582 1066 3663; baseline 0.004 -28"><span class='ocrx_word' id='word_1_239' title='bbox 77 3595 135 3637; x_wconf 87' lang='lat' dir='ltr'>cam</span> <span class='ocrx_word' id='word_1_240' title='bbox 148 3582 220 3642; x_wconf 90' lang='lat' dir='ltr'>alias</span> <span class='ocrx_word' id='word_1_241' title='bbox 238 3605 356 3658; x_wconf 89' lang='lat' dir='ltr'>cenam,</span> <span class='ocrx_word' id='word_1_242' title='bbox 371 3605 408 3642; x_wconf 91' lang='lat' dir='ltr'>ne</span> <span class='ocrx_word' id='word_1_243' title='bbox 418 3585 483 3642; x_wconf 90' lang='lat' dir='ltr'>dies</span> <span class='ocrx_word' id='word_1_244' title='bbox 499 3585 621 3663; x_wconf 87' lang='lat' dir='ltr'>periret,</span> <span class='ocrx_word' id='word_1_245' title='bbox 637 3583 689 3642; x_wconf 91' lang='lat' dir='ltr'>sed</span> <span class='ocrx_word' id='word_1_246' title='bbox 703 3582 913 3662; x_wconf 93' lang='lat' dir='ltr'>quotidianam</span> <span class='ocrx_word' id='word_1_247' title='bbox 929 3582 1066 3641; x_wconf 86' lang='lat' dir='ltr'>Antonio</span> 
     </span>
     <span class='ocr_line' id='line_1_33' title="bbox 77 3677 1066 3760; baseline 0.002 -26"><span class='ocrx_word' id='word_1_248' title='bbox 77 3680 212 3753; x_wconf 78' lang='lat' dir='ltr'>apposuit</span> <span class='ocrx_word' id='word_1_249' title='bbox 229 3680 368 3739; x_wconf 92' lang='lat' dir='ltr'>irridenti</span> <span class='ocrx_word' id='word_1_250' title='bbox 384 3681 707 3760; x_wconf 90' lang='lat' dir='ltr'>computationemque</span> <span class='ocrx_word' id='word_1_251' title='bbox 722 3679 941 3758; x_wconf 88' lang='lat' dir='ltr'>expostulanti.</span> <span class='ocrx_word' id='word_1_252' title='bbox 958 3681 999 3738; x_wconf 89' lang='lat' dir='ltr'>At</span> <span class='ocrx_word' id='word_1_253' title='bbox 1015 3677 1066 3736; x_wconf 92' lang='lat' dir='ltr'>illa</span> 
     </span>
     <span class='ocr_line' id='line_1_34' title="bbox 77 3773 1066 3856; baseline 0.003 -28"><span class='ocrx_word' id='word_1_254' title='bbox 77 3773 262 3834; x_wconf 71' lang='lat' dir='ltr'>corollarium</span> <span class='ocrx_word' id='word_1_255' title='bbox 280 3777 311 3836; x_wconf 91' lang='lat' dir='ltr'>id</span> <span class='ocrx_word' id='word_1_256' title='bbox 327 3798 402 3850; x_wconf 90' lang='lat' dir='ltr'>esse,</span> <span class='ocrx_word' id='word_1_257' title='bbox 421 3784 451 3836; x_wconf 91' lang='lat' dir='ltr'>et</span> <span class='ocrx_word' id='word_1_258' title='bbox 464 3783 715 3856; x_wconf 91' lang='lat' dir='ltr'>consumpturam</span> <span class='ocrx_word' id='word_1_259' title='bbox 732 3797 797 3836; x_wconf 91' lang='lat' dir='ltr'>eam</span> <span class='ocrx_word' id='word_1_260' title='bbox 818 3797 924 3835; x_wconf 88' lang='lat' dir='ltr'>cenam</span> <span class='ocrx_word' id='word_1_261' title='bbox 938 3775 1066 3834; x_wconf 91' lang='lat' dir='ltr'>taxatio-</span> 
     </span>
    </p>
   </div>
   <div class='ocr_carea' id='block_1_6' title="bbox 493 3963 649 4014">
    <p class='ocr_par' dir='ltr' id='par_1_10' title="bbox 493 3963 649 4014">
     <span class='ocr_line' id='line_1_35' title="bbox 493 3963 649 4014; baseline 0 0"><span class='ocrx_word' id='word_1_262' title='bbox 493 3963 649 4014; x_wconf 78' lang='lat'>-195-</span> 
     </span>
    </p>
   </div>
   <div class='ocr_carea' id='block_1_7' title="bbox 0 0 1344 4250">
    <p class='ocr_par' dir='ltr' id='par_1_11' title="bbox 0 0 1344 4250">
     <span class='ocr_line' id='line_1_36' title="bbox 0 0 1344 4250; baseline 0 5"><span class='ocrx_word' id='word_1_263' title='bbox 0 0 1344 4250; x_wconf 95' lang='lat' dir='ltr'> </span> 
     </span>
    </p>
   </div>
  </div>
 </body>
</html>
