2656 4258
168 102 227 160 92.
247 101 492 162 Devouement
512 106 556 161 de
577 106 673 161 deux
692 105 862 162 esclaves
880 117 974 174 pour
992 104 1074 161 leur

425 196 430 206 ⁸
516 194 727 250 mattrcsse.

118 293 181 376 (De
195 294 335 377 impensa
352 295 486 355 duorum
501 317 660 356 servorum
674 318 751 380 erpa
766 295 927 356 dominam
941 295 1123 378 voluntate.)

157 441 305 512 Claudius
321 453 540 533 Quadrigarius
556 454 662 527 tradit,
682 476 751 514 eum
763 454 959 514 obsideretur
971 455 1125 515 Grumen·
1154 451 1195 516 2‘

114 557 194 624 tum,
221 557 254 609 et
274 551 339 630 jam
362 551 399 610 ad
424 571 575 610 summam
598 551 845 631 desperationem
869 559 999 611 ventum
1029 560 1121 625 esset,

114 646 196 706 duos
218 667 323 706 servos
350 647 387 706 ad
412 648 531 706 hostem
562 649 774 727 transfugisse,
807 655 839 707 et
864 649 1123 728 operaepretium

114 743 236 802 iecisse.
262 744 381 802 Deinde
409 745 483 803 urbe
509 751 609 824 capta,
636 746 748 824 passim
773 744 966 807 discurrente
990 745 1120 819 victore,

112 839 184 899 illos
199 847 341 919 pernota
356 841 467 900 itinera
488 841 526 900 ad
539 841 667 902 domum
683 843 716 900 'in
732 863 792 922 qua
804 843 988 912 servierant,
1006 862 1126 921 praecu·

112 937 259 1008 currisse,
276 944 308 996 et
319 935 477 996 dominam
490 958 577 997 suam
595 945 665 997 ante
681 959 712 997 se
730 939 847 1016 egisse:
867 944 899 997 et
913 938 1126 1019 quaerentibus

112 1053 264 1114 quaenam
286 1041 377 1104 esset,
410 1034 568 1094 dominam
598 1043 630 1095 et
657 1023 783 1115 quidem
816 1035 1060 1095 crudelissimam
1086 1034 1125 1093 ad

112 1130 305 1211 supplicium
325 1130 362 1190 ab
382 1131 457 1210 ipsis
474 1131 546 1191 duci
573 1132 729 1211 professos
747 1152 824 1192 esse.
847 1131 997 1191 Eductam
1013 1131 1128 1190 deinde

112 1234 202 1286 extra
221 1247 337 1301 muros,
354 1248 472 1288 summa
490 1249 564 1288 cura
581 1228 708 1303 celasse,
730 1227 833 1288 donec
850 1229 970 1288 hostilis
989 1229 1033 1288 ira
1053 1249 1126 1287 con-

113 1323 246 1396 sideret3
268 1323 389 1397 deinde,
410 1332 445 1383 ut
464 1325 592 1385 satiatus
610 1324 697 1384 miles
716 1325 778 1384 cito
799 1325 837 1384 ad
858 1346 1002 1384 romanos
1024 1346 1125 1384 mores

114 1421 219 1492 rediit,
235 1420 445 1501 illos-quoque
461 1421 499 1480 ad
512 1442 584 1481 suos
598 1421 736 1493 rediisse,
751 1428 783 1480 et
794 1422 950 1482 dominam
964 1421 1021 1481 sibi
1040 1423 1126 1502 ipsos

111 1516 247 1578 dedisse.
266 1517 447 1588 Manumisit
459 1524 624 1598 utrumque
635 1539 651 1578 e
661 1518 794 1596 vestigio
807 1518 859 1578 illa
873 1538 880 1578 ε
898 1539 955 1577 neo
965 1519 1124 1597 indignata

111 1621 164 1672 est
186 1614 224 1673 ab
253 1612 301 1672 his
330 1635 361 1684 se
386 1615 480 1673 vitam
514 1615 679 1694 accepisse,
707 1615 737 1672 in
766 1635 844 1695 quos
873 1615 945 1674 vitae
977 1616 1124 1695 necisque

111 1717 302 1790 potestatem
317 1709 486 1772 habuisset.
512 1711 619 1771 Potuit
633 1711 688 1770 sibi
701 1712 764 1770 'hoc
779 1712 829 1770 vel
843 1713 940 1790 magis
958 1713 1127 1789 gratulari:
1168 1698 1175 1754 l

112 1809 149 1865 ln
165 1813 252 1866 tanta
268 1807 448 1866 confusione
464 1816 562 1887 captae
583 1807 727 1879 civitatis
740 1829 813 1867 cum
828 1809 886 1867 sibi
902 1809 1033 1889 quisque
1046 1829 1123 1868 con-

110 1903 239 1978 suleret,
253 1924 360 1962 omnes
375 1903 413 1962 ab
426 1904 477 1963 illa
488 1912 600 1984 praeter
611 1905 786 1983 transfugas
801 1904 959 1983 sugerunt.
972 1907 1014 1963 At
1028 1905 1069 1976 bi,
1086 1912 1125 1964 ut

110 2001 397 2080 ostenderentque
419 2002 521 2060 animo
545 2002 723 2061 lactaesset
747 2001 832 2081 prior
852 2001 904 2060 illa
926 2002 1080 2074 transiti0,
1104 2003 1121 2060 a

109 2097 284 2156 victoribus
297 2097 334 2155 ad
348 2097 500 2176 captivam
515 2099 758 2175 transfugerunt,
776 2118 939 2178 personam
955 2097 1123 2178 parricida-

109 2214 182 2252 rum
200 2193 347 2266 ferentes‚
364 2193 447 2272 quod
467 2195 498 2251 in
520 2193 573 2252 illo
592 2194 741 2253 beneficio
759 2196 928 2254 maximum
947 2195 1007 2253 luit
1023 2195 1122 2255 :tanti

107 2290 345 2369 judicaverunt,
357 2310 395 2349 ne
407 2289 532 2348 domina
545 2291 748 2365 occideretur,
763 2291 862 2350 videri
874 2291 1030 2351 dominam
1042 2291 1124 2351 occi'-

108 2387 208 2446 disse.
1107 2397 1109 2404 ⁴

113 2546 175 2604 93.
195 2547 258 2604 Un
271 2546 379 2614 poete
402 2547 529 2616 pleure
548 2548 589 2604 la
606 2549 702 2604 mort
726 2547 811 2604 d’un
826 2547 936 2616 jaune
957 2549 1118 2610 esclave·
1174 2535 1176 2540 ’

330 2649 443 2732 (Poeta
464 2651 613 2711 vernulae
634 2657 764 2711 mortem
785 2650 895 2734 dolet.)

270 2790 340 2850 Non
362 2791 483 2850 fueram
506 2792 637 2869 genitor,
662 2791 716 2851 sed
738 2791 853 2850 cernite
875 2793 966 2851 fletus
1105 2771 1119 2836 ³·
1148 2799 1187 2864 20

168 2887 378 2968 Liventesque
399 2908 493 2965 genas
514 2895 545 2947 et
565 2888 681 2947 credite
702 2888 902 2967 planctibus:
927 2889 1032 2962 orbuS,
1105 2897 1110 2950 J

167 2983 270 3044 Orbus
292 3002 364 3061 ego;
389 3005 474 3044 meus
495 2985 557 3059 ille,
581 3005 679 3048 meus,
702 2985 823 3044 Tellure
844 2985 1006 3044 cadentem

169 3081 285 3160 Excepi
307 3087 399 3161 atque
420 3088 548 3140 unctum
569 3082 693 3160 genitali
716 3082 862 3141 stramine
885 3081 960 3156 fovi,

167 3177 413 3257 Poscentemque
435 3199 530 3237 novas
551 3177 695 3237 tremulis
717 3178 887 3238 ululatibus
909 3199 998 3238 auras

166 3275 289 3335 Inserui
311 3273 394 3335 vitae.
418 3274 499 3342 Quid
520 3275 589 3355 plus
609 3276 747 3334 tribuere
768 3276 937 3356 parentes?

166 3372 250 3439 Quin
272 3370 348 3430 alios
370 3378 455 3430 ortus
477 3372 713 3452 libertatemque
735 3372 790 3431 sub
813 3372 889 3450 ipsis

168 3469 324 3528 Uberibus
346 3468 412 3540 tibi,
437 3489 540 3548 parve,
563 3469 651 3539 dedi3
676 3469 729 3528 sed
751 3489 879 3528 munera
904 3475 1008 3530 nostra
1108 3463 1110 3474 ’

165 3566 305 3626 Ridebas
327 3565 451 3643 ignarus
474 3565 584 3626 adhuc.
610 3566 827 3646 Properaverit
848 3565 911 3638 ille,

167 3663 229 3722 Sed
252 3662 361 3744 merito
383 3661 578 3742 properabat,
604 3684 698 3734 amor,
724 3684 762 3721 ne
785 3663 927 3742 perderet
949 3684 1044 3722 unum

194 3767 236 3809 Vie
246 3768 321 3819 priree
336 3768 374 3808 des
389 3767 507 3810 [toranius.
1023 3769 1037 3808 5

542 3841 683 3892 ,65-
