2682 4258
451 183 661 244 CHAPITRE
682 183 740 244 ΧΠ

497 314 611 396 (Caput
627 313 701 397 XII]

400 574 525 614 Monam.
549 587 587 599 ··
609 575 795 614 annosorum

181 675 183 681 ¹
209 728 211 732 .
304 683 362 766 (De
382 683 508 746 Etbica.
532 721 570 730 -
591 685 637 744 De
659 685 891 770 Philosophia.)

329 914 415 974 437.
435 913 607 972 Destine'e
628 917 672 972 de
691 916 866 974 l’homme.

338 1035 404 1117 (Ad
424 1045 542 1120 quauta
565 1045 655 1098 natur
676 1038 716 1098 sit
738 1037 854 1115 homo)

130 1229 225 1290 Nullo
258 1229 351 1288 modo
380 1250 535 1288 summum
568 1228 697 1310 pecudis
740 1230 856 1288 bonum
896 1237 928 1288 et
964 1229 1155 1292 hominist'

12 1393 13 1412 3
89 1327 174 1386 idem
203 1325 278 1386 mihi
313 1327 411 1386 videri
443 1332 556 1407 potest.
593 1325 675 1393 Quid
698 1326 784 1384 enim
820 1332 907 1386 tanto
935 1347 1014 1407 opus
1051 1336 1104 1414 est

93 1418 302 1478 instrumento
322 1418 353 1476 in
371 1419 496 1498 optimis
515 1419 632 1478 artibus
656 1420 892 1499 comparandis?
914 1421 988 1501 quid
1010 1429 1096 1480 tanto

92 1535 248 1576 concursu
283 1514 569 1574 honestissimorum
600 1516 786 1589 studiorum,
824 1525 910 1576 lanto
944 1518 1095 1577 virtutum

12 1627 14 1634 ’
92 1612 256 1686 comitatu,
274 1613 299 1670 si
315 1633 349 1671 ea
364 1612 480 1671 nullam
499 1612 537 1672 ad
555 1613 645 1672 aliam
661 1634 736 1688 rem,
754 1614 812 1672 nisi
831 1613 868 1673 ad
891 1613 1094 1694 voluptatem,

12 1697 13 1764 ζ
93 1707 346 1788 conquiruntur?
371 1709 420 1782 Ut,
445 1709 470 1768 si
490 1711 618 1783 Xerxes,
645 1731 715 1775 cum
741 1712 834 1770 tantis
859 1712 1008 1770 classibus
1029 1719 1096 1770 tan-

92 1805 197 1885 tisque
206 1806 398 1884 equestribus
409 1814 439 1864 et
450 1806 644 1885 pedestribus
654 1808 966 1888 copiis‚Hellesp0nto
972 1809 1095 1888 juncto,

92 1901 219 1960 Athone
234 1902 384 1982 perfosso,
406 1904 501 1961 maria
520 1904 741 1963 ambulavisset
762 1911 936 1984 terramque
956 1904 1096 1982 navigas-

92 2007 151 2071 set,
177 1999 214 2069 si,
238 2019 308 2057 cum
334 2005 421 2058 tanto
445 1999 562 2078 impetu
577 2001 610 2057 in
634 1999 793 2075 Graeciam
810 2002 955 2074 venisset,
973 2022 1094 2060 causam

92 2095 163 2176 quis
186 2116 281 2154 exeo
305 2104 465 2176 quaereret
491 2105 646 2155 tantarum
668 2097 826 2176 copiarum
850 2097 987 2177 tantique
1011 2097 1094 2166 belli,

91 2193 153 2252 mel
182 2213 215 2252 se
241 2192 361 2251 auferre
386 2213 423 2250 ex
449 2194 596 2272 Hymetto
625 2193 758 2253 voluisse
780 2192 906 2266 diceret,
927 2203 1009 2266 certe
1031 2195 1097 2253 sine

96 2310 190 2348 causa
215 2289 373 2348 videretur
395 2297 479 2348 tanta
501 2297 654 2349 conatus:
687 2290 730 2348 sic
753 2310 808 2348 nos
833 2291 1002 2370 sapientem
1028 2290 1096 2370 plu-

92 2387 180 2445 rimis
213 2395 244 2445 et
272 2387 462 2463 gravissimis
488 2387 606 2446 artibus
637 2394 730 2468 atque
763 2373 931 2446 virtutibus
961 2388 1098 2446 instruc-

91 2493 159 2543 tum
175 2489 208 2543 et
228 2490 382 2556 ornatum,
405 2504 478 2556 non,
498 2490 533 2542 ut
551 2484 650 2556 illum,
665 2484 759 2542 maria
779 2484 909 2564 pedibus
931 2505 1096 2565 peragran-

91 2587 166 2661 tem,
192 2579 341 2640 classibus
363 2587 494 2651 montes,
521 2580 573 2638 sed
600 2601 690 2639 omne
712 2581 819 2639 caelum
846 2588 1003 2661 totamque
1025 2602 1093 2640 cum

96 2675 349 2737 univers0·mari
377 2683 489 2735 terram
530 2684 632 2735 mente
662 2677 869 2756 complexum,
904 2671 1094 2757 voluptatem

91 2782 198 2854 petere
219 2774 245 2832 si
265 2772 413 2845 dicemus,
438 2773 537 2854 mellis
561 2794 650 2832 eausa
673 2773 811 2832 dicemus
834 2782 918 2833 tanta
940 2774 1094 2833 molitum.

91 2873 140 2931 Ad
162 2871 273 2930 altiora
294 2870 433 2950 quaedam
455 2877 486 2928 et
506 2870 782 2948 magnificentiora,
804 2871 878 2929 mihi
903 2871 1004 2941 crede,
1031 2871 1095 2928 nati

92 2989 212 3042 sumuS,
234 2987 291 3026 nec
311 2967 342 3025 id
364 2967 514 3026 exanimi
539 2967 637 3025 solum
659 2967 808 3046 partibuS,
830 2969 860 3025 in
881 2969 994 3046 quibus
1015 2968 1096 3026 inest

91 3066 242 3125 memoria
265 3085 367 3122 rerum
386 3063 668 3134 innumerabilium,
691 3065 771 3122 inest
789 3065 967 3144 conjectura
987 3085 1097 3123 conse-

92 3163 257 3244 quentium
273 3182 334 3232 non
349 3159 480 3220 multum
494 3181 510 3218 a
527 3160 717 3220 divinatione
729 3161 883 3232 differens,
900 3161 980 3219 inest
992 3162 1096 3220 mode-

92 3267 178 3319 rator
205 3258 384 3338 cupiditatis
412 3257 523 3336 pudor,
552 3257 632 3316 inest
658 3257 696 3316 ad
725 3257 890 3316 humanam
917 3258 1094 3317 societatem

89 3356 222 3437 justitiae
255 3355 315 3414 sida
344 3354 494 3426 custodia,
529 3354 609 3412 inest
637 3355 669 3412 in
702 3354 911 3433 perpetiendis
938 3354 1096 3414 laboribus

92 3453 305 3533 adeundisque
327 3451 469 3530 periculis
496 3451 582 3509 firma
605 3458 635 3510 et
655 3451 772 3523 stabilis
791 3451 906 3510 doloris
926 3452 1096 3531 mortisque

92 3549 295 3628 contemptio.
318 3548 398 3626 Ergo
419 3547 484 3606 haec
503 3548 535 3606 in
557 3548 677 3606 animis.
696 3549 742 3606 Tu
757 3555 860 3606 autem
878 3549 970 3606 etiam
988 3539 1113 3610 sensus

94 3649 178 3728 ipsos
195 3645 356 3706 considera
374 3663 380 3705 :
398 3645 450 3723 qui
467 3645 533 3715 tibi,
552 3652 587 3702 ut
601 3645 738 3724 reliquae
753 3645 891 3724 corporis
906 3651 1018 3724 partes,
1033 3666 1096 3704 non
1114 3630 1116 3638 ,

95 3741 225 3803 comites
241 3742 340 3802 solum
354 3742 519 3816 virtutum,
532 3741 583 3800 sed
600 3741 732 3799 ministri
748 3741 838 3800 etiam
855 3741 1055 3802 videbuntur.

515 3919 671 3970 -317-
