2656 4258
395 161 453 219 87.
473 161 573 218 Reno
593 163 789 220 d'esolave.

443 273 545 353 (Servi
563 274 745 356 somnium.)

85 476 188 535 Nimis
211 477 304 536 homo
327 477 413 536 nihili
437 486 493 554 est,
510 479 563 559 qui
579 479 668 560 'piger
689 486 750 552 est;
776 479 929 561 nimisque
944 479 974 538 id
993 502 1088 559 genus
1102 481 1156 536 Rh.

837 577 900 657 [odi
922 598 979 656 ego
1001 577 1088 638 male.

85 669 225 748 Vigilare
247 670 336 730 decet
357 672 524 747 hominem,
547 674 601 754 qui
622 673 690 734 volt
711 694 765 733 sua
787 675 919 754 tempori
941 675 1092 736 conficere

968 771 1090 854 [officia.

86 863 160 922 Nou
188 865 270 923 enim
300 864 387 924 illum
417 874 594 947 exspectare
625 874 759 949 oportet,
790 868 863 928 dum
894 889 963 928 erus
994 889 1025 928 se
1053 869 1092 927 ad

671 965 774 1046 [suum
795 966 924 1026 suscitet
944 966 1090 1026 officium.

86 1059 167 1117 Nam
200 1059 253 1139 qui
282 1059 441 1120 dormiunt
469 1061 620 1135 lubenter,
651 1063 715 1122 sine
747 1062 833 1122 luero
858 1070 890 1122 et
915 1083 984 1122 cum
1011 1062 1091 1122 malo

904 1160 1089 1240 [quiescunt.

86 1254 168 1314 Nam
197 1273 254 1332 ego
277 1269 369 1327 nunc,
401 1255 453 1336 qui
480 1256 611 1336 impiger
633 1257 688 1331 tui,
712 1258 833 1337 repperi
855 1257 908 1330 mi,
932 1258 1019 1337 piger
1045 1264 1090 1329 ut,

836 1353 873 1436 [si
895 1355 997 1426 velim,
1021 1355 1089 1414 sim.

89 1449 157 1507 Hoc
189 1467 246 1525 ego
276 1449 307 1506 in
336 1449 423 1520 mari,
455 1448 607 1530 quidquid
637 1451 727 1522 inest,
758 1453 878 1532 repperi
903 1470 909 1511 :
940 1450 1118 1531 quidquid¹

647 1547 748 1627 [inest
772 1568 865 1625 grave
886 1548 1010 1627 quidem
1032 1554 1089 1609 est.

84 1643 207 1700 Aurum
230 1641 279 1701 hic
301 1661 357 1720 ego
379 1641 479 1702 inesse
494 1664 563 1704 reor
579 1662 586 1704 ε
604 1663 660 1703 nec
682 1643 757 1702 mihi
780 1645 922 1704 conscius
944 1652 990 1703 est
1011 1645 1091 1704 ullus

775 1723 890 1803 [homo.
915 1725 1005 1782 Nuuo
1025 1723 1091 1783 haec

83 1817 155 1876 Tibi
183 1817 316 1888 occasio,
345 1817 452 1898 Gripe,
481 1807 602 1897 obtigit,
627 1827 661 1878 ut
683 1820 789 1879 liberet
812 1841 850 1880 ex
871 1820 987 1900 populo
1012 1842 1091 1900 prae-

965 1917 1088 1997 [torte.

82 2013 179 2087 Nunc
206 2011 250 2070 sio
276 2011 396 2083 faciam,
426 2012 470 2070 sio
496 2012 710 2086 consilium’st,
738 2013 777 2073 ad
804 2034 889 2073 erum
912 2021 948 2074 ut
968 2015 1089 2073 veniam

773 2109 873 2190 [docte
896 2118 986 2191 atque
1009 2119 1087 2172 astu.

84 2205 286 2266 Pauxillatim
318 2205 515 2285 pollicitabor
546 2227 601 2287 pro
632 2208 732 2288 capito
763 2215 934 2286 argentum,
969 2215 1002 2268 ut
1032 2209 1089 2268 sim

989 2304 1088 2385 [liber.

81 2400 154 2459 Jam
193 2397 246 2457 ubi
285 2398 362 2458 liber
396 2419 459 2470 ero,
496 2400 591 2478 igitur
625 2400 748 2459 demum
784 2401 933 2460 instruam
969 2423 1088 2480 agrum,

783 2497 897 2577 [aedeis
921 2499 1089 2578 mancipia,

82 2592 227 2653 Navibus
259 2591 378 2669 magnis
409 2601 612 2653 mercaturam
641 2593 778 2655 faciam:
810 2594 891 2674 apud
920 2616 1006 2672 reges
1037 2617 1090 2654 rex

882 2692 1088 2771 [perhibebor.

81 2790 173 2860 Post,
197 2786 292 2846 animi
315 2806 417 2859 causa,
441 2787 515 2845 mihi
538 2808 647 2846 navem
675 2787 800 2860 faeiam;
829 2795 920 2869 atque
947 2788 1090 2847 imitabor

843 2885 1062 2965 [Stratonicum
1079 2905 1087 2948 :

81 2981 209 3064 Oppida
231 2980 505 3040 circumvectabor.
531 2981 591 3040 Ubi
614 2980 757 3041 nobilitas
779 3003 846 3041 mea
867 2983 926 3041 erit
947 2983 1038 3054 clara,

1 3159 2 3168 ἵ
81 3078 245 3161 Oppidum
264 3097 409 3155 magnum
425 3077 630 3136 commoenibo
648 3097 654 3138 ε
673 3079 700 3136 ei
715 3099 772 3156 ego
789 3080 856 3138 urbi
873 3079 969 3159 Gripo
985 3080 1088 3139 indam

123 3197 127 3205 ·
951 3177 1086 3257 [nomem

80 3276 326 3334 Monumentum
353 3290 429 3329 meae
455 3271 545 3330 tameo
567 3279 599 3331 et
619 3271 725 3346 factis3
749 3273 853 3353 ibique
875 3295 1002 3352 regnum
1024 3295 1089 3333 ma-

788 3370 894 3449 [gnum
917 3371 1087 3432 instituam.

79 3470 293 3548 Magnasxres
325 3464 374 3524 hie
405 3465 488 3543 agito
515 3465 546 3523 in
574 3473 708 3525 mentem
737 3468 917 3528 instruere:
949 3468 1088 3528 vidulum

2 3569 15 3645 t
326 3595 329 3612 ι
360 3599 363 3610 v
726 3562 924 3641 [nuncnunc
945 3565 1087 3624 condam.

75 3665 140 3724 Sed
164 3662 217 3720 bio
240 3679 294 3718 rex
315 3679 385 3718 cum
408 3666 494 3718 aceto
516 3681 683 3740 pransurus
705 3667 752 3719 est
772 3666 804 3719 et
825 3660 897 3733 sale,
921 3662 986 3721 sine
1008 3661 1089 3720 bono

2 3751 3 3816 i
905 3758 1086 3838 [pulmento.

528 3913 665 3969 461..
