2670 4252
194 201 253 256 38.
273 201 325 255 De
344 199 571 256 l’emulation
590 199 628 256 et
647 202 714 256 des
733 199 994 270 compositions

265 290 267 296 '
424 289 519 346 dans
541 289 598 346 les
615 289 772 346 classes.

147 392 206 472 (De
226 391 424 453 aemulatione
445 399 474 453 et
490 393 618 475 palmae
638 392 835 454 contentione
858 392 892 452 in
911 392 1053 474 scholis.)

137 551 231 610 Domi
253 551 424 632 discipulus
445 574 480 612 ea
495 552 560 612 sola
573 552 691 612 discere
705 559 818 633 potest,
833 542 902 632 quae
919 552 977 632 ipsi
992 552 1098 631 praeci·
1114 550 1154 612 3⁰

102 647 233 725 pientur,
250 649 282 706 in
303 649 406 709 schola
426 651 517 709 etiam
535 671 604 729 quae
625 648 702 710 aliis.
718 648 833 709 Audiet
847 649 944 708 multa
959 648 1098 728 quotidie
1179 637 1181 642 ⁸

102 744 233 820 probari,
259 744 356 804 multa
375 746 503 823 corrigi;
525 745 664 824 proderit
683 744 815 824 alicujus
841 743 1003 823 objurgata
1020 744 1099 802 desi·

102 838 158 914 dia,
177 841 318 920 proderit
338 841 461 902 laudata
489 842 653 918 industria,
679 840 865 900 excitabitur
890 840 980 899 laude
1006 860 1098 899 aemu-

102 935 183 1009 latio,
200 944 291 1018 turpe
307 938 399 998 ducet
410 939 518 998 cedere
537 926 617 1019 pari,
630 939 795 1019 pulchrum
823 958 983 1018 superasse
1003 936 1099 1016 majo-

102 1053 154 1090 rcs.
179 1035 364 1094 Accendunt
388 1037 491 1094 omnia
513 1035 579 1094 haec
598 1023 728 1107 animos,
747 1043 778 1094 et
802 1035 874 1094 licet
899 1033 965 1114 ipsa
987 1033 1097 1092 vitium

102 1129 138 1187 sit
160 1131 301 1204 ambiti0,
324 1132 502 1212 frequenter
526 1139 636 1192 tamen
652 1153 743 1191 causa
767 1133 917 1190 virtutum
944 1138 1001 1191 est.
1028 1130 1097 1188 Non

102 1225 238 1287 inutilem
256 1229 319 1287 scio
334 1229 489 1288 servatum
507 1250 572 1288 esse
587 1250 603 1288 a
619 1228 860 1309 praeceptoribus
876 1228 952 1286 meis
967 1223 1096 1296 morem,

103 1323 161 1400 qui,
178 1344 249 1383 eum
262 1345 374 1403 pueros
391 1325 422 1382 in
437 1325 548 1383 classes
567 1324 799 1396 distribuerent,
816 1317 956 1384 ordinem
976 1322 1099 1382 dicendi

103 1421 268 1480 secundum
297 1422 379 1481 vires
407 1422 522 1500 ingenii
551 1421 681 1496 dabant3
708 1429 739 1481 et
767 1421 810 1480 ita
839 1421 996 1500 superiore
1030 1420 1098 1479 loco

103 1517 228 1597 quisque
270 1517 472 1588 declamabat,
505 1526 540 1577 ut
573 1518 747 1598 praecedere
789 1518 931 1598 profectu
972 1517 1098 1576 videba-

103 1620 159 1673 tur.
185 1615 285 1695 Hujus
315 1615 359 1673 rei
383 1616 502 1695 judicia
530 1615 748 1694 praebebantur
773 1633 780 1688 ;
820 1636 855 1674 ea
886 1615 1098 1692 nobisingens

104 1711 209 1785 palmae
232 1713 402 1784 contentio,
435 1713 548 1772 ducere
576 1733 650 1771 vero
675 1712 804 1795 'classem
830 1712 929 1770 multo
958 1711 1099 1790 pulcher·

103 1803 220 1862 rimum.
242 1805 306 1862 Nec
326 1805 364 1862 de
384 1805 442 1864 boc
458 1804 550 1864 semel
567 1805 725 1864 decretum
743 1813 823 1872 erat:
839 1804 1013 1863 tricesimus
1034 1803 1099 1861 dics

104 1896 244 1954 reddebat
271 1898 356 1955 victo
376 1897 552 1956 certaminis
572 1903 769 1977 potestatem.
800 1897 847 1956 Ita
873 1917 929 1954 nec
960 1896 1100 1974 superior

105 2011 240 2052 successu
260 2015 364 2052 curam
383 1995 560 2053 remittebat
580 2001 611 2053 et
632 1995 722 2052 dolor
743 1994 861 2053 victum
882 1993 920 2050 ad
945 1992 1102 2072 depellen-

105 2083 171 2142 dam
190 2086 389 2163 ignominiam
415 2087 600 2146 concitabat.
626 2087 661 2145 Id
682 2086 771 2145 nobis
794 2086 926 2145 acriores
944 2085 982 2144 ad
998 2084 1098 2142 studia

105 2179 221 2240 dicendi
237 2183 318 2242 laces
337 2183 509 2242 subdidisse
532 2204 624 2287 cpuam
639 2183 884 2242 exhortationem
907 2181 1097 2252 docentium,

105 2278 338 2357 paedagogorum
361 2280 543 2352 custodiam,
561 2289 632 2339 vota
648 2286 821 2360 parentum,
839 2285 989 2359 quantum
1005 2278 1099 2336 animi

106 2376 160 2432 mei
173 2378 347 2456 conjectura
361 2376 505 2454 colligere
519 2397 654 2458 possum,
672 2376 894 2437 contenderim.

142 2612 193 2670 39.
212 2617 260 2672 Le
277 2616 494 2684 professeur
517 2617 561 2671 de
586 2615 811 2686 grammaire
832 2627 877 2670 ne
898 2613 976 2670 doit
993 2626 1065 2683 pas

188 2701 363 2773 emple'ter
382 2716 448 2759 sur
466 2702 767 2773 l’enseignement
786 2705 834 2759 du
849 2699 1010 2759 rheteur.

208 2807 267 2888 (Nc
287 2807 491 2890 prcmmatici
511 2808 671 2866 rhetorum
685 2815 791 2889 partes
814 2806 989 2888 occupent.)

145 2963 249 3026 Tenuit
269 2968 471 3040 consuetudo,
500 2989 569 3046 quac
589 2967 728 3047 quotidie
750 2967 846 3044 magis
872 2965 1043 3038 invalescit,
1066 2973 1101 3024 ut
1128 2969 1167 3032 2⁰

116 3063 343 3142 praeceptoribus
373 3064 568 3143 eloquentiae,
595 3064 713 3122 Latinis
745 3064 869 3142 quidem
896 3083 1017 3141 semper
1047 3062 1100 3120 sed

115 3157 192 3216 etiam
210 3161 324 3220 Graecis
335 3161 471 3234 interim,
483 3161 626 3240 discipuli
641 3159 737 3218 serius
749 3181 840 3239 quam
859 3160 936 3219 ratio
950 3159 1098 3238 postulat,

115 3254 304 3316 traderentur.
326 3257 400 3336 Ejus
422 3258 596 3337 reiduplex
616 3264 781 3328 causaest,
807 3257 890 3336 quod
911 3264 940 3314 et
962 3255 1101 3315 rhetores

118 3351 208 3431 ulique
226 3354 323 3413 nostri
338 3375 408 3412 suas
423 3362 525 3434 partes
541 3355 712 3412 omiserunt
725 3361 755 3412 et
774 3353 965 3430 grammatici
979 3353 1100 3411 alienas

118 3446 343 3528 occupaverunt.
369 3451 445 3510 Nam
464 3460 495 3510 et
515 3451 557 3509 illi
582 3451 753 3509 declamare
776 3451 868 3508 modo
889 3458 919 3508 et
939 3450 1100 3508 scientiam

116 3541 290 3606 declamandi
305 3568 340 3606 ac
362 3547 538 3606 facultatem
553 3548 673 3606 tradere
690 3547 782 3605 officii
794 3547 840 3605 sui
857 3548 986 3618 ducunt,
1007 3547 1100 3625 idque

116 3637 183 3700 intra
200 3644 414 3702 deliberativas
434 3644 657 3725 judicialesque
680 3645 822 3702 materias
845 3645 926 3724 (nam
949 3649 1050 3702 cetera
1066 3651 1101 3701 ut

116 3738 286 3810 prolessionc
297 3762 351 3800 sua
363 3741 480 3800 minora
494 3742 680 3822 despiciunt)
692 3760 698 3814 ;
714 3741 789 3799 ethi
803 3763 865 3799 non
881 3742 955 3812 satis
970 3739 1100 3798 credunt

530 3942 669 3996 -272
