2656 4258
384 143 518 182 voraces
532 143 566 182 ur
581 125 765 182 cuniosmris'.
782 156 823 165 —
836 134 1041 182 metumque

208 262 239 313 et
253 253 406 314 contrario
428 237 497 314 nisu
516 253 548 312 in
569 235 689 313 diversa
701 245 870 312 'tendentes
891 252 1074 313 transmittit
1096 259 1127 312 et
1143 273 1209 332 per·

150 379 191 433 ,
207 351 277 432 fert,
290 349 367 439 adeo
382 351 504 411 validus
518 359 552 410 ut
565 351 617 410 illa
631 350 942 432 quaproperatipse,
954 369 1211 432 quamquamper

208 447 307 508 solum
316 447 459 528 planum,
475 449 570 509 remis
585 468 648 507 non
663 447 834 527 adjuvetur,
851 446 933 506 idem
947 446 1104 526 aegerrime
1118 445 1218 506 remis·

207 523 368 626 dentisque
392 552 556 626 superetur
578 544 736 605 adversus.
762 545 941 604 iucundum
965 551 1131 624 utrumque
1156 563 1214 623 per.

204 640 310 720 iocum
326 625 494 723 ludumque
506 641 709 713 fluitantibus,
725 649 761 700 ut
769 641 911 701 flexerint
922 653 1056 714 cursum,
1073 640 1208 721 laborem

208 738 284 820 otio,
310 738 408 822 otium
430 738 534 801 labore
556 738 686 800 variare.
716 738 805 820 Ripae
828 738 949 797 fraxino
979 737 1088 814 multa,
1113 737 1208 797 multa

208 835 323 916 populo
343 835 529 917 uestiuntur,
545 855 622 916 quas
641 835 821 917 perspicuus
848 835 957 908 amnis,
977 834 1065 914 velut
1081 853 1217 913 mersas-,3

206 930 297 990 viridi
311 931 443 1010 imagine
457 931 648 1010 adnumerat.
670 933 766 1011 Rigor
787 953 875 1013 aquae
895 931 1061 992 certaverit
1074 929 1208 1004 nivibus,

207 1049 264 1109 nee
276 1028 362 1110 color
379 1028 469 1088 cedit.
492 1026 624 1110 Adjecet
642 1030 791 1111 templum
811 1029 947 1110 priscum
968 1033 1000 1088 et
1020 1026 1208 1106 religiosum.

207 1125 276 1210 Stat
289 1123 472 1188 Clitumnus·
482 1125 548 1206 ipse
564 1123 695 1201 amictus
716 1133 905 1206 ornatusque
920 1130 1082 1205 praetexta.
1099 1123 1209 1204 Sparsa

207 1211 280 1302 sunt
297 1220 378 1301 eirea
398 1220 511 1304 sacella
528 1221 701 1302 complura,¹
716 1221 907 1302 totidemque
929 1220 972 1281 dii
989 1241 999 1282 z
1023 1241 1079 1280 sua
1098 1220 1219 1300 cuique·

206 1317 376 1393 ueneratio,
400 1337 490 1380 suum
503 1338 631 1396 nomen.

395 1444 728 1553 210.¹Les'⁴vtvters
748 1494 1017 1553 d’Hortenstus.
1042 1487 1045 1492 ’

499 1588 558 1672 (De
577 1589 741 1652 Hortensii
754 1589 915 1673 piscinis.)

139 1721 180 1784 3ο
220 1721 378 1792 .Quintus
419 1721 614 1795 Hortensius,
650 1743 722 1786 cum
737 1801 740 1807 .
757 1722 890 1804 piscinas
930 1723 1059 1783 haberet
1097 1743 1213 1802 magna

205 1818 338 1900 pecunia
364 1818 531 1882 aedificatas
556 1819 596 1879 ad
622 1819 746 1893 Baulos,
777 1841 898 1900 semper
919 1819 952 1879 in
975 1840 1082 1879 cenam
1111 1820 1225 1900 pisces'

205 1915 351 1982 Puteolos
374 1915 497 1976 mittere
516 1923 654 1996 emptum
675 1917 805 1979 solebat.
828 1917 935 1997 Neque
954 1917 1028 1976 satis
1049 1922 1115 1977 erat
1138 1937 1210 1975 eum

205 2033 267 2087 non
283 2012 368 2095 pasci
386 2013 523 2093 piscinis,
539 2013 598 2072 nisi
612 2034 664 2073 eas
684 2013 749 2093 ipse
768 2016 917 2094 pasceret.
935 2013 1107 2072 Piscatores
1126 2013 1224 2072 enim'

205 2110 378 2192 complures
395 2109 537 2182 habebat,
554 2109 608 2191 qui
622 2109 787 2190 pisciculos
801 2109 938 2170 minutos
952 2113 1135 2188 aggerere'nt
1147 2109 1211 2168 fre-

204 2214 345 2286 quenter,
368 2212 405 2267 ut
426 2226 444 2267 a
464 2205 634 2287 majoribus
657 2207 903 2269 absumerentur.
925 2206 1098 2278 Praeterea,
1114 2205 1213 2266 salsa-

205 2309 308 2366 menta
322 2332 323 2338 ¹
338 2303 372 2364 in
398 2323 449 2362 eas
479 2301 615 2383 piscinas
644 2303 780 2384 emptiva
803 2302 1000 2383 conjiciebat,
1027 2322 1100 2362 cum·
1124 2323 1226 2382 marej

205 2400 391 2474 turbaretur,
417 2399 463 2462 uti
481 2405 538 2481 per
559 2406 774 2480 tempestatem
796 2421 812 2459 e
836 2399 966 2479 macello
986 2399 1049 2460 suis
1072 2398 1212 2479 piscibus
1250 2427 1260 2444 .

206 2495 368 2556 obsonium
402 2495 566 2577 praeberet.
604 2496 752 2571 Celerius,
779 2497 940 2556 voluntate
971 2495 1139 2568 Hortensii,
1172 2517 1211 2555 ex

206 2593 300 2675 equiti
320 2594 388 2674 ejus
413 2593 559 2654 educeres
588 2593 759 2667 rhedarios,
788 2599 823 2653 ut
843 2591 900 2653 tibi
925 2591 1064 2666 haberes,
1093 2591 1210 2666 muloS,

182 2707 184 2710 ·
205 2711 298 2772 quam
319 2711 336 2750 e
356 2689 474 2771 piscina
493 2689 818 2750 barbatum‘mullum.
840 2691 943 2771 Atque
962 2688 1089 2748 illinon
1106 2689 1213 2748 minor

168 2833 182 2856 „
205 2809 279 2848 cura
297 2794 363 2848 erat
380 2786 418 2846 de
435 2787 564 2864 aegrotis
581 2787 728 2867 piscibus,
745 2807 838 2867 quam
856 2787 895 2846 de
915 2785 1017 2846 minus
1035 2784 1213 2846 valentibus
1309 2817 1313 2824 -

155 2875 159 2885 ⁸
205 2885 316 2950 servis.
331 2886 375 2943 At
392 2889 498 2946 contra
518 2883 665 2944 Lucullus
683 2883 745 2954 ille,
766 2890 969 2964 posteaquam
988 2882 1027 2944 ad
1046 2881 1229 2964 Neapolim,

204 2981 389 3062 perfodisset
401 2985 549 3053 montem,
564 2999 599 3039 ac
613 2979 766 3039 maritima
779 2980 907 3039 flumina
922 2979 955 3039 in
964 2969 1213 3060 ¹piscinasimmi-

206 3078 304 3152 sisset,
321 3099 390 3158 quae
406 3077 562 3157 reciproce
581 3077 724 3152 fluerent,
741 3077 784 3136 ita
800 3077 916 3139 fecerat
929 3083 965 3138 ut
978 3081 1095 3138 amatos
1109 3075 1214 3156 pisces

205 3197 277 3235 suos
288 3175 446 3237 videretur
466 3179 595 3254 propter
613 3180 723 3233 aestum
745 3169 886 3234 eduxisse
901 3173 935 3236 in
951 3172 1018 3232 loca
1034 3171 1213 3256 frigidiora,

206 3272 465 3352 quemadmodum
480 3270 581 3329 solent
590 3270 622 3328 in
636 3269 749 3351 Apulia
763 3269 899 3350 pecuarii
913 3269 1024 3332 lacere.
1035 3269 1077 3330 ‘ln
1091 3253 1217 3332 Baiano

207 3376 320 3444 autem,
336 3376 421 3427 tanta
437 3366 565 3428 ardebat
572 3387 663 3440 wisura,
677 3373 716 3427 ut
730 3366 900 3426 architecto
912 3364 1087 3448 permiserit
1098 3386 1218 3429 consu·

205 3464 348 3524 mendam
362 3464 525 3544 pecuniam
537 3462 715 3544 quamlibet,
729 3464 897 3523 dummodo
910 3483 927 3524 e
940 3461 1065 3544 piscinis
1078 3452 1112 3522 in
1125 3483 1220 3538 mare

206 3562 389 3643 perduceret
410 3581 530 3641 specus,
555 3581 616 3642 quo
638 3561 685 3620 bis
709 3560 859 3642 quotidie,
879 3559 919 3620 ab
943 3565 1050 3620 exorta
1070 3551 1146 3622 luna
1173 3565 1241 3625 ad'

206 3659 519 3739 proximamnovam,
537 3665 629 3718 aestus
646 3657 774 3717 introire
786 3677 825 3716 ac
836 3657 939 3718 redire
957 3647 1223 3724 rursus'inmare

206 3763 238 3814 et
252 3754 384 3835 piscinas
399 3753 579 3830 refrigerare
596 3761 712 3834 posset.⁴
1004 3745 1006 3748 ¹
1239 3751 1243 3756 ⁵

628 3868 786 3932 eran-
827 3831 843 3841 ’Ὺ
