2656 4258
386 148 520 188 vorstius·
533 149 568 190 ur
583 131 766 188 e‘uurosrrlzs'.¹
784 162 824 171 —
838 139 1043 187 meinradus

210 271 240 320 et
255 260 408 320 contrario
430 243 550 319 nisum
571 245 691 319 diversa
710 249 872 318 tendentes
893 241 1077 318 transmittit
1098 263 1129 316 et
1145 277 1211 336 per-

151 387 199 440 p,-
209 357 279 440 lert,
292 355 368 442 edeo
384 357 507 418 validus
519 365 554 417 ut
568 357 618 415 illa
633 378 694 438 qua
704 355 943 437 properatipse,
956 373 1213 436 quamquamper

209 439 308 516 solum
318 453 461 534 planum,
477 454 572 514 remis
587 474 649 512 uon
664 452 836 532 adjuvetur,
853 451 935 512 idem
949 450 1106 531 aegerrime
1120 449 1221 510 remis·

209 531 369 632 dentisque
394 557 557 637 superetur
580 549 737 613 adversus.
764 550 943 609 iucundum
967 556 1133 627 utrumque
1157 567 1217 627 per.

205 647 312 728 iocum
327 647 496 727 ludumque
508 646 712 719 fluitantibus,
728 653 763 706 ut
772 646 914 707 flexerint
925 658 1059 724 cursum,
1075 643 1210 725 laborem

209 745 286 828 otip,
312 745 410 829 otium
432 745 536 806 labore
559 743 688 805 variare.
718 743 807 824 Ripae
830 743 952 804 fraxino
982 741 1090 818 multa,
1115 741 1210 802 multa

210 841 325 922 populo
345 841 531 924 vestiuntur,
548 861 625 924 quas
643 841 824 922 perspicuus
850 840 960 912 amnis,
980 839 1068 918 velut
1084 859 1219 917 mersas,3

208 937 299 1016 viridi
312 938 445 1017 imagine
458 937 651 1016 adnumerat.
672 938 769 1017 Rigor
790 957 878 1018 aquae
898 935 1063 996 certaverit
1076 934 1210 1008 nivibus,

209 1056 266 1118 nec
278 1035 363 1116 color
381 1035 471 1094 cedit.
494 1033 626 1116 Adjecet
644 1035 794 1116 templum
813 1034 950 1115 priscum
970 1039 1002 1093 et
1022 1031 1210 1111 religiosum.

209 1133 278 1218 Stat
292 1131 474 1195 Clitumnus
484 1131 550 1214 ipse
567 1129 697 1192 amictus
720 1137 907 1214 ornatusque
922 1134 1084 1209 praetexta.
1101 1129 1212 1208 Sparsa

209 1219 282 1310 sunt
299 1227 380 1308 circe
400 1227 514 1310 sacella.
530 1227 704 1310 complura,
718 1226 910 1308 totidemque
932 1225 974 1285 dii
992 1247 1001 1287 ε
1026 1245 1082 1285 sua
1100 1224 1221 1308 cuique¹

209 1322 378 1400 ueneratio,
402 1344 492 1387 suum
505 1344 634 1403 uomen.

330 1493 335 1506 ”
398 1500 480 1560 210.
500 1503 571 1558 Les
580 1450 730 1559 'civicis
750 1499 1020 1559 d'Hortenslus.

469 1660 471 1664 ,
501 1594 560 1678 (De
580 1595 744 1658 Hortensii
756 1595 918 1679 piscinis.)

142 1728 183 1791 3·
223 1729 381 1798 ,Quintus
422 1728 617 1802 Hortensius,
653 1749 724 1792 cum
740 1807 743 1812 Ι
760 1729 893 1809 piscinas
933 1727 1061 1787 haberet
1100 1747 1225 1806 magnai

208 1825 341 1906 pecunia
366 1825 534 1890 aedificatas
559 1825 599 1887 ad
624 1825 750 1898 Baulos,
780 1846 901 1906 semper
922 1825 955 1883 in
978 1844 1084 1884 cenam
1113 1825 1226 1905 pisces

208 1923 355 1992 Puteolos
377 1922 500 1983 mittere
519 1929 657 2003 emptum
678 1921 808 1984 solebat.
831 1923 938 2002 Neque
957 1922 1031 1980 satis
1052 1926 1118 1990 erat
1141 1940 1211 1980 eum

208 2041 270 2094 non
286 2019 371 2100 pasci
389 2018 526 2100 piscinis,
543 2019 601 2078 nisi
615 2040 667 2079 eas
687 2019 753 2099 ipse
771 2022 920 2100 pasceret.
939 2018 1110 2077 Piscatores
1129 2017 1225 2076 enim‘

208 2117 381 2198 complures
398 2116 540 2190 habebat,
558 2114 611 2196 qui
625 2115 790 2196 pisciculos
805 2115 941 2175 minutos
955 2117 1138 2192 aggererent
1150 2113 1213 2174 fre-

208 2220 359 2294 quenter,
372 2218 408 2273 ut
429 2233 447 2273 a
467 2212 637 2293 majoribus
660 2213 906 2273 absumerentur.
928 2211 1101 2283 Praeterea,¹
1117 2210 1215 2270 salsa-

208 2316 311 2374 menta
342 2309 374 2370 in
402 2329 453 2370 eas
482 2307 618 2390 piscinas
647 2309 783 2390 emptiva
806 2307 1003 2388 conjiciebat,
1030 2327 1104 2368 curn
1126 2327 1228 2386 marej

208 2407 395 2480 turbaretur,
420 2406 466 2468 uti
484 2425 541 2486 per
562 2412 777 2486 tempestatem
800 2427 816 2464 e
840 2405 969 2485 macello
989 2404 1053 2464 suis
1076 2403 1214 2484 piscibus
1251 2431 1260 2449 ,

209 2502 372 2564 obsonium
406 2502 569 2583 praeberet.
607 2502 756 2578 Celerius,
782 2501 943 2562 voluntate
975 2500 1143 2572 Hortensii,
1175 2521 1213 2560 ex

209 2600 303 2682 equili
324 2600 391 2680 ejus
416 2599 563 2660 educeres
592 2599 763 2673 rhedarios
791 2606 826 2658 ut
846 2596 904 2658 tlbi
928 2598 1068 2670 haberes,
1097 2596 1212 2671 mulos,

186 2714 187 2718 ’
209 2718 301 2780 quam
323 2717 339 2758 e
360 2697 478 2778 piscina
497 2696 659 2778 barbatum
681 2695 821 2755 mullum.
843 2697 946 2775 Atque
966 2693 1093 2754 illinon
1110 2693 1215 2752 minor

181 2841 185 2848 .
208 2815 282 2856 cure
300 2801 366 2862 erat
384 2793 422 2854 de
439 2794 567 2872 aegrotis
586 2793 732 2873 piscibus,
748 2812 841 2873 quam
860 2793 898 2852 de
919 2791 1021 2850 minus
1038 2789 1215 2850 valentibus
1305 2819 1307 2826 ·

159 2882 162 2892 ’
209 2891 314 2974 servis.
335 2893 378 2951 At
396 2897 502 2952 contra
521 2889 668 2950 Lucullus
687 2888 749 2960 ille,
769 2895 973 2969 posteaquam
992 2887 1031 2962 ad
1050 2886 1230 2968 Neapolim,

208 2988 393 3070 perfodisset
404 2993 553 3060 montem,
568 3007 603 3045 ac
617 2985 770 3046 maritima
783 2985 911 3045 flumina
926 2983 959 3044 in
968 2975 1103 3066 'piscinas
1112 2975 1216 3043 immi·

209 3086 308 3159 sisset,
325 3105 394 3165 quae
410 3083 566 3162 reciproce
585 3084 727 3158 fluerent,
744 3083 788 3142 ita
805 3082 920 3145 lecerat
933 3088 969 3144 ut
981 3087 1099 3141 amatos
1113 3080 1234 3161 pisces

209 3203 281 3242 suos
293 3182 450 3246 videretur
470 3185 598 3260 propter
617 3185 728 3239 aestum
749 3170 938 3242 eduxisseiu
955 3177 1022 3238 looa
1038 3176 1215 3260 frigidiora,

210 3278 469 3359 quemadmodum
485 3277 585 3336 solent
593 3275 625 3335 in
640 3275 753 3357 Apulia
767 3274 902 3356 pecuarii
915 3274 1028 3336 facere.
1044 3274 1081 3334 In
1095 3257 1231 3336 Baiano·

210 3383 324 3452 autem,
340 3381 426 3434 tanta
441 3372 569 3434 ardebat
576 3393 667 3447 ¹cura,
681 3379 720 3432 ut
734 3372 904 3432 architecto
916 3369 1092 3452 permiserit
1102 3390 1218 3433 consu-

209 3473 352 3532 mendam
366 3471 529 3552 pecuniam
541 3467 720 3550 quamlibet,
734 3468 901 3528 dummodo
913 3489 931 3528 e
944 3465 1069 3549 piscinis
1083 3465 1116 3527 iu
1128 3487 1220 3533 mare

210 3569 393 3649 perduceret
414 3587 534 3648 specus,
559 3587 621 3647 quo
642 3566 689 3626 bis
714 3565 862 3646 quotidie,
884 3564 923 3626 ab
947 3571 1055 3626 exorta
1074 3557 1149 3626 luna
1177 3567 1239 3628 ad·

210 3667 390 3746 proximam¹
400 3684 523 3736 novam,
541 3670 633 3724 aestus
650 3662 779 3722 introire
790 3682 829 3722 ac
840 3661 943 3725 redire
962 3681 1069 3724 rursus
1082 3659 1114 3720 in
1129 3651 1227 3724 mare·

210 3770 242 3822 et
256 3762 388 3842 piscinas
403 3760 583 3837 refrigerare
600 3766 716 3840 posset.

632 3873 790 3937 ’τω-ψ
831 3836 836 3846 ’
