2682 4258
309 156 312 162 ’
397 178 522 220 uorsus.
544 191 585 238 ··,
604 175 805 228 ruinosorms

292 405 377 463 462.
398 389 512 478 &loge
532 405 576 460 ds
595 405 636 460 la
655 401 895 473 philosophie.

365 551 599 634 ‹lphitosophia
624 550 799 633 tendetur.)
856 549 858 554 ’

136 790 331 872 Philosophia
347 812 407 850 una
423 811 479 850 nos
502 812 572 850 curn
588 798 708 849 ceteras
721 810 769 850 res
784 811 903 863 omnes,
918 793 995 863 tum,
1012 789 1096 872 quod
1110 793 1160 852 nh

98 904 141 955 est
154 897 377 970 difficillimum,
386 897 501 967 docuit,
515 904 548 955 ut
558 904 678 954 nosmet
687 896 772 976 ipsos
785 917 980 954 nosceremus
991 916 997 970 ;
1007 895 1096 976 cujus

99 993 250 1074 praecepti
279 1000 363 1052 tanta
382 993 428 1051 vis
457 1000 487 1059 et
519 1001 604 1052 tanta
634 993 789 1052 sententia
816 999 872 1066 est,
907 999 941 1051 ut
970 1013 1006 1052 ea
1034 1013 1096 1051 non

99 1090 213 1148 homini
232 1084 377 1169 cuipiam,
395 1089 448 1148 sed
470 1089 621 1168 Delphico
643 1089 701 1148 deo
720 1089 919 1148 tribueretur.
940 1089 1021 1148 Nam
1043 1087 1096 1169 qni
1131 1073 1146 1082 Ἰ

97 1187 200 1266 seipse
222 1187 314 1260 norit,
330 1187 464 1266 primum
480 1186 596 1267 aliquid
615 1207 645 1245 se
666 1187 778 1245 habere
799 1185 916 1245 sentiet
943 1183 1094 1253 divinum,
1114 1251 1116 1256 k

98 1283 313 1363 ingeniumque
342 1283 372 1342 in
396 1305 427 1342 se
455 1305 543 1343 suum
557 1284 636 1343 sicut
649 1280 997 1362 simulacrumal-iquod,
1015 1282 1097 1341 dica·

98 1391 160 1438 tum
188 1381 320 1460 putabit,
351 1388 499 1460 tantoque
523 1401 649 1438 munere
672 1380 801 1438 deorum
825 1384 948 1460 semper
968 1378 1117 1457 dignum*

95 1476 209 1558 aliquid
237 1485 268 1536 et
294 1477 385 1536 faciet
413 1485 443 1536 et
469 1478 590 1547 sentiet,
613 1484 643 1535 et
666 1497 779 1536 cumse
804 1476 868 1556 ipse
904 1474 1096 1556 perspexerit

97 1581 259 1654 totumque
278 1575 447 1652 temptarit,
465 1574 622 1652 intelleget
641 1573 928 1654 quemadmodum
946 1594 962 1632 a
987 1579 1096 1631 natura
1115 1555 1117 1563 ,

96 1673 282 1745 subornatus
321 1671 352 1729 in
387 1671 481 1731 vitam
525 1657 656 1729 venerit·
677 1677 853 1750 quantaque
892 1670 1096 1729 instrumenta

96 1751 208 1826 lrabeat
223 1768 259 1826 ad
276 1767 474 1830 obtinendam
496 1753 789 1846 adipiscendamque
809 1767 1004 1846 sapientiam,
1021 1787 1097 1846 quo·

97 1866 177 1922 niam
194 1864 345 1943 principio
360 1881 461 1922 rerum
484 1865 621 1923 omnium
647 1865 732 1942 qnasi
756 1853 952 1922 adumbratas
980 1862 1120 1948 intelle-J

95 1959 1097 2040 gentiasanimoacmenteconceperit,quibusillustratis,sapien-

96 2060 135 2116 tia
161 2059 251 2127 duce,
274 2057 387 2116 bonum
406 2058 506 2115 virum
532 2064 562 2114 ct
585 2057 709 2116 obeam
735 2057 832 2136 ipsam
846 2077 968 2115 causam
993 2064 1098 2115 cernat

96 2177 126 2214 sc
145 2156 271 2214 beatum
290 2154 366 2212 fore.
391 2154 467 2212 Nam
491 2175 560 2212 oum
583 2154 713 2227 animuS,
735 2154 866 2231 cognitis
884 2153 1097 2234 perceptisque

98 2250 277 2322 virtutibus,
294 2273 310 2310 a
325 2251 461 2330 corporis
474 2251 623 2330 obsequio
640 2250 895 2331 indulgentiaque
910 2249 1095 2322 discesserit,

98 2347 351 2428 voluptatemque
366 2348 445 2406 sicut
456 2347 557 2406 labem
575 2347 708 2429 aliquam
723 2347 883 2406 dedecoris
897 2347 1095 2428 oppresserit,

61 2451 63 2455 ’
97 2465 282 2522 omnemque
304 2445 410 2504 mortis
434 2445 611 2524 dolorisque
631 2445 770 2502 timorem
792 2445 942 2521 effugerit,
969 2445 1098 2505 societa-

98 2550 222 2622 temque
236 2541 376 2600 ca'ritatis
396 2541 503 2599 coierit
523 2562 592 2599 cum
622 2541 695 2612 suiS,
713 2561 880 2620 omnesque
900 2549 1009 2600 natura
1023 2561 1098 2600 con-

94 2639 221 2716 junctos
237 2658 308 2696 suos
324 2638 457 2710 duxerit,
473 2639 652 2717 cultumque
667 2638 794 2696 deorum
810 2646 840 2696 et
852 2657 960 2718 puram
976 2637 1097 2716 religio-

98 2757 166 2794 nem
184 2735 363 2814 susceperit,
374 2742 405 2792 et
417 2735 571 2793 exacuerit
586 2734 727 2808 illam,·ut
739 2734 911 2806 oculorum,
923 2737 967 2794 sic
982 2734 1096 2812 ingenii

96 2834 195 2892 aciem
209 2831 248 2890 ad
264 2833 343 2890 bonu
360 2831 512 2908 seligenda
529 2839 560 2888 et
575 2831 741 2910 rejicienda
755 2833 920 2902 contraria,
937 2853 1016 2911 quae
1037 2832 1098 2889 vir·
1154 2835 1156 2838 ’

97 2939 146 2988 tus
162 2950 200 2988 ex
213 2928 404 3008 providendo
420 2927 467 2985 est
487 2927 640 3006 appellata
665 2927 828 3007 prudentia
849 2946 856 2987 :
883 2929 958 3007 quid
983 2950 1018 2987 eo
1036 2929 1097 2987 dici

95 3035 149 3085 aut
165 3025 294 3102 cogitari
315 3025 426 3102 poterit
437 3024 555 3096 beatius
571 3024 743 3104 ‘lldemque
759 3045 827 3083 cum
841 3024 970 3093 caelum,
986 3032 1095 3097 terras,

96 3123 194 3182 maria
210 3142 371 3200 rerumque
382 3121 519 3178 omnium
532 3128 672 3179 naturam
689 3121 890 3200 perspexerit,
904 3141 1000 3200 eaque
1016 3121 1097 3179 unde

34 3216 38 3229 '
96 3225 254 3296 generata,
271 3239 331 3298 quo
344 3238 503 3275 recursura
521 3217 698 3296 aliquand0,
715 3217 790 3297 quid
809 3217 842 3275 in
860 3216 896 3275 iis
915 3215 1043 3275 mortale
1067 3224 1097 3275 et

94 3315 260 3386 caducum,
276 3313 349 3392 quid
364 3314 503 3372 divinum
515 3321 734 3393 aeternumque
744 3313 783 3372 sit
793 3313 917 3386 viderit,
935 3313 1097 3394 ipsumque

96 3417 131 3471 oa
157 3411 368 3471 moderantem
401 3418 432 3469 et
457 3419 613 3488 regentem
645 3432 740 3492 paene
771 3411 938 3490 prenderit,
971 3431 1096 3490 seseque

94 3511 197 3568 civem
213 3507 310 3567 totius
332 3507 438 3566 mundi
454 3509 612 3585 agnoverit
635 3526 642 3568 ε
664 3509 694 3567 in
717 3509 774 3568 hac
801 3508 850 3566 ille
870 3507 1097 3584 magnificentia

97 3615 200 3684 rerum
216 3611 307 3684 atque
324 3603 354 3661 in
369 3604 428 3662 hoc
444 3613 611 3683 conspectu
621 3614 651 3664 et
667 3605 845 3684 cognitione
863 3613 1096 3683 naturae,quam

92 3718 127 3758 se
154 3699 221 3777 ipse
246 3703 363 3768 noscet,
384 3717 475 3775 quam
499 3697 659 3775 despiciet,
677 3716 766 3775 quam
790 3717 845 3775 pro
862 3695 959 3753 nihilo
981 3695 1104 3773 putabit

95 3816 131 3854 ea
149 3815 220 3874 quae
235 3794 329 3870 vulgo
344 3792 492 3852 dicuntur
507 3794 712 3871 amplissima!

523 3936 556 3944 -
575 3907 625 3957 335
644 3934 678 3945 -
