2678 4250
301 169 386 230 355.
407 171 437 226 11
451 171 513 238 n'y
532 183 556 226 a
574 183 644 239 pas
663 171 854 228 d'orateur
867 171 1020 240 parteis.

237 263 349 343 (Nemo
377 286 481 326 uerum
504 265 592 324 illam
614 272 643 325 et
664 264 841 324 absolutam
868 263 1086 354 eloquentiam¹

545 360 771 443 consequitur.)

196 519 243 578 Ad
269 493 324 580 has
354 527 401 579 tot
422 527 582 601 tantasque
599 542 647 579 res
674 520 847 580 adhibenda
877 528 950 578 sunt
979 528 1159 580 ornamenta
1187 511 1229 576 2⁹

140 603 402 689 innumerabilia,
428 639 504 698 quae
523 617 584 676 sola
603 625 669 676 tum
691 616 816 697 quidem
842 617 1042 676 tradebantur
1062 617 1100 675 ab
1122 617 1159 676 iis

155 713 209 793 qui
241 712 364 772 dicendi
401 713 642 772 numerabantur
668 713 821 792 magistri;
844 734 906 793 quo
929 714 963 772 fit
992 720 1026 772 ut
1055 733 1159 772 veram

154 809 238 868 illam
256 817 287 868 et
301 809 474 871 absolutam
492 810 700 890 eloquentiam
724 831 814 869 nemo
837 816 1055 890 consequatur,
1074 810 1158 889 quod

153 905 213 964 alia
240 906 526 984 intellegendi,alia
551 907 674 966 dicendi
709 907 869 986 disciplina
893 914 949 979 est,
986 914 1017 965 et
1030 907 1068 964 ab
1093 905 1159 966 aliis

153 1021 269 1072 rerum,
287 1003 326 1061 ab
354 1003 758 1062 aliisverborumdoetrina
789 1003 957 1084 quaeritur.
987 1004 1094 1084 Itaque
1112 1003 1156 1063 M.

153 1099 320 1171 Antonine,
342 1099 392 1158 eui
415 1100 463 1158 vel
485 1100 599 1179 primas
625 1100 818 1178 eloquentiae
833 1106 954 1179 patrum
982 1109 1159 1159 nostrorum

154 1195 312 1254 tribuebat
333 1203 426 1269 aetas,
452 1197 501 1253 vir
522 1204 629 1255 natura
660 1204 824 1276 peracutus
846 1203 878 1256 et
904 1197 1050 1276 prudens,
1075 1198 1158 1256 ineo

152 1291 234 1350 libro
252 1313 343 1372 quem
374 1313 469 1352 unum
492 1293 616 1373 reliquit
633 1293 763 1352 disertos
785 1294 829 1352 ait
846 1315 877 1352 se
899 1292 1012 1352 vidisse
1030 1293 1156 1366 multos,

152 1387 349 1467 eloquentem
369 1390 495 1448 omnino
513 1390 676 1450 neminem.
700 1390 856 1448 lnsidebat
873 1390 1027 1452 videlicet,
1040 1390 1071 1449 in
1090 1390 1156 1470 ejus

152 1492 256 1544 mente
274 1486 392 1564 species
408 1486 613 1564 eloquentiae,
641 1507 732 1566 quam
748 1486 894 1546 cernebat
911 1487 1024 1558 animo,
1044 1487 1157 1567 reipsa

151 1601 217 1639 non
233 1581 369 1642 videbat.
385 1583 440 1640 Vir
462 1591 563 1641 autem
581 1584 729 1642 acerrimo
746 1584 876 1660 ‘ingenio
902 1583 957 1661 (sic
977 1584 1058 1642 enim
1074 1583 1157 1663 fuit),

151 1678 250 1743 multa
277 1685 309 1737 et
332 1679 363 1736 in
389 1699 420 1737 se
439 1687 470 1738 et
489 1680 520 1736 in
536 1680 603 1738 aliis
620 1679 807 1751 desiderans,
828 1681 981 1739 neminem
996 1680 1086 1759 plane
1104 1681 1157 1760 qui

150 1783 235 1833 recte
253 1763 402 1854 appellari
419 1775 566 1856 eloquens
584 1784 698 1855 posset,
719 1777 844 1835 videbat
861 1797 867 1846 ;
887 1777 1008 1858 quodsi
1025 1776 1077 1835 ille
1101 1797 1158 1836 nee

150 1892 259 1930 senec
277 1873 312 1932 L.
341 1873 486 1931 Crassum
513 1874 707 1952 eloquentem
725 1875 857 1952 putavit,
882 1873 989 1932 habuit
1017 1874 1158 1958 prolecto

149 1967 407 2046 comprehensam
423 1970 525 2028 animo
546 1970 709 2049 quamdam
730 1971 859 2028 formam
883 1970 1088 2048 eloquentiae,
1108 1971 1157 2028 cui

148 2065 300 2144 quoniam
314 2060 390 2124 nihil
406 2067 521 2137 deerat,
539 2087 591 2124 eos
604 2067 716 2146 quibus
731 2067 846 2146 aliquid
862 2075 914 2126 aut
928 2067 1015 2146 plura
1031 2067 1159 2126 deerant

150 2161 186 2218 in
200 2181 266 2219 eam
280 2161 410 2220 sormam
429 2183 490 2222 non
509 2170 628 2241 poterat
645 2163 813 2222 includere.
834 2164 1059 2241 Investigemus
1074 2163 1157 2223 hunc

148 2257 258 2334 igitur,
275 2259 300 2315 si
317 2279 490 2337 possumus,
517 2281 607 2340 quom
625 2281 792 2340 numquam
819 2260 898 2319 vidit
921 2261 1087 2333 Antonius,
1105 2269 1158 2320 aut

148 2353 206 2434 qui
222 2355 348 2412 omnino
371 2355 472 2414 nullus
495 2377 639 2436 umquam
662 2357 737 2428 fuit;
769 2378 860 2437 quem
881 2358 905 2415 si
929 2358 1042 2416 imitari
1064 2366 1157 2439 atque

148 2451 325 2536 exprimere
346 2472 407 2509 non
425 2473 598 2532 possumuS,
618 2453 700 2533 quod
719 2454 798 2512 idem
822 2455 872 2513 ille
891 2455 944 2513 vix
959 2455 1017 2513 deo
1034 2475 1158 2514 conces-

147 2567 220 2606 sum
238 2569 303 2606 esse
319 2547 450 2620 dicebat,
476 2556 507 2608 at
522 2550 621 2629 qualis
637 2571 702 2608 csse
718 2551 828 2610 debeat
843 2552 1011 2631 poterimus
1029 2553 1157 2611 sortasse

146 2644 267 2705 dicere.

148 2802 240 2862 356.
260 2803 455 2861 L’orateur
470 2805 547 2860 doit
566 2805 645 2860 etro
671 2805 800 2862 double
825 2807 910 2862 d’un
928 2806 1154 2877 philosophe.

253 2906 364 2988 (Nemo
377 2907 444 2968 sine
457 2909 659 2990 philosophia
681 2910 829 2992 eloquens
852 2932 915 2972 esse
927 2913 1056 2993 potest.)

194 3073 332 3134 Positum
347 3064 386 3135 sit
402 3077 496 3154 igitur
512 3077 543 3136 in
561 3077 678 3156 primis,
693 3079 777 3157 quod
794 3087 865 3159 post
888 3081 985 3157 magis
997 3080 1154 3158 intellege·
1171 3092 1195 3166 '2

147 3181 213 3244 tur,
238 3172 305 3230 sine
330 3172 524 3252 philosophia
548 3195 610 3232 non
636 3195 726 3254 posse
758 3176 835 3234 effici
864 3197 955 3255 quem
980 3177 1154 3256 quaerimus

144 3268 359 3347 eloquentem,
381 3291 441 3328 non
459 3278 494 3329 ut
517 3271 548 3328 in
571 3292 605 3329 ea
621 3278 721 3344 tamen
752 3273 854 3331 omnia
878 3273 949 3344 sint,
976 3272 1027 3330 sed
1055 3281 1087 3330 ut
1112 3274 1155 3332 sic

142 3364 277 3444 adjuvet
294 3373 329 3423 ut
346 3366 495 3444 palaestra
513 3367 694 3426 histrionem
705 3388 712 3440 ;
725 3389 819 3448 parva
833 3369 914 3426 enim
931 3370 1049 3446 magnis
1065 3391 1155 3449 saepe

142 3461 320 3522 rectissime
340 3464 551 3522 conseruntur.
571 3465 648 3522 Nam
667 3465 722 3523 nec
735 3465 826 3523 latius
842 3472 933 3544 atque
951 3467 1105 3544 copiosius
1117 3467 1155 3526 de
1260 3483 1263 3489 ·

142 3558 270 3636 magnis
281 3551 436 3638 variisque
460 3560 551 3618 rebus
571 3561 635 3618 sine
651 3561 845 3640 philosophia
872 3569 974 3641 potest
991 3565 1153 3643 quisquam

142 3657 269 3728 dicere3
288 3690 326 3698 —
343 3655 367 3712 si
384 3657 507 3734 quidem
523 3657 614 3714 etiam
632 3658 664 3715 in
682 3659 820 3717 Phaedro
840 3659 976 3718 Platonis
994 3661 1052 3718 hoc
1072 3661 1154 3718 Peri-

142 3754 231 3812 clem
245 3753 435 3830 praestitisse
449 3754 557 3812 ceteris
572 3753 655 3812 dicat
672 3756 848 3814 oratoribus
857 3757 1007 3823 Socrates,
1025 3757 1107 3836 quod
1125 3757 1152 3814 is

569 3915 726 3964 -251-
