2656 4258
28 162 115 222 156.
140 163 234 232 Qu'il
253 163 335 221 faut
362 167 564 234 permettre
591 164 626 222 le
658 165 743 223 luxe
772 179 846 224 aux
871 167 1032 226 remmes.

289 268 344 350 (De
356 269 563 330 muliebribus
586 270 775 352 munditiis.)

66 453 82 480 «
102 428 244 508 Purpura
269 428 327 488 viri
341 437 473 503 utemur,
488 429 662 511 praetextati
680 429 712 488 in
732 415 972 510 magistratibus,
997 431 1028 490 in
1041 433 1097 502 Rh,

26 525 229 598 sacerdotiis;
245 526 334 586 liberi
357 526 453 587 nostri
470 528 628 608 pnrtextis
640 529 776 608 putpure
790 528 870 606 togis
885 537 1028 601 utentur3

26 621 263 699 magistratibus
286 623 317 680 in
339 623 469 683 coloniis
501 624 740 704 municipiisque
766 632 847 702 togae
875 631 1032 704 praetextae

25 718 180 777 habendae
194 718 247 798 jus
263 720 498 800 permittemus:
516 721 637 780 feminis
664 721 826 780 dumtaxat
846 742 936 780 usum
960 743 1035 800 pur·

25 837 112 894 purae
128 815 374 876 interdicemus?
401 823 442 889 et,
468 837 539 876 cum
558 817 613 876 tibi
641 817 708 876 viro
734 818 825 877 liceat
844 838 981 898 purpura
999 817 1033 876 in

27 919 113 970 veste
129 912 267 989 stragula
285 913 341 985 uti,
364 921 491 973 matrem
508 914 632 972 familiae
648 922 733 973 tuam
754 933 944 995 purpureum
959 914 1033 974 ami-

1 1037 2 1042 *
26 1009 132 1067 culum
151 1008 264 1068 habere
279 1030 341 1068 non
356 1010 460 1070 sines?
475 1019 506 1070 et
530 1031 627 1092 equus
640 1018 712 1070 tuus
739 1012 907 1090 speciosius
921 1013 1033 1070 instra-

27 1113 74 1164 tus
102 1107 166 1164 erit
191 1127 283 1186 quam
308 1127 386 1166 uxor
408 1107 543 1166 vestita?
566 1107 690 1181 Nullam
712 1108 939 1168 aemulationem
952 1108 1034 1168 inter

27 1223 56 1260 se
71 1202 280 1280 singularum,
293 1203 416 1283 quando
429 1203 512 1263 nulla
523 1203 661 1278 haberet,
678 1225 743 1264 esse
759 1205 837 1264 Cato
854 1204 963 1264 aiebat.
979 1193 1030 1271 At,

27 1299 167 1370 hercule,
186 1299 338 1359 universis
357 1299 446 1359 dolor
461 1308 492 1360 et
507 1301 681 1378 indignatio
703 1308 759 1374 est,
787 1321 856 1360 cum
880 1302 1032 1360 sociorum

27 1397 129 1456 Latini
146 1395 282 1456 nominis
309 1397 457 1456 uxoribus
478 1383 586 1458 vident
612 1419 646 1456 ea
675 1419 819 1457 concessa
841 1406 1030 1470 ornamenta,
1048 1388 1053 1395 ⁸

27 1515 94 1572 quae
110 1492 173 1552 sibi
190 1492 334 1573 adempta
350 1495 427 1566 sint;
443 1514 512 1553 cum
527 1495 663 1572 insignes
682 1516 733 1554 eas
745 1515 810 1554 esse
825 1516 900 1554 auro
913 1503 943 1555 et
960 1516 1034 1576 pur-

27 1610 204 1668 pura;eum
220 1589 287 1648 illas
302 1589 373 1649 vehi
388 1611 444 1669 per
465 1592 582 1661 urbem,
607 1612 638 1650 se
669 1591 799 1670 pedibus
830 1592 938 1671 sequi:
957 1599 1034 1650 tam-

1 1671 2 1742 f
27 1707 118 1766 quam
140 1686 177 1744 in
203 1685 324 1772 illarum
344 1687 533 1758 civitatibus,
558 1708 620 1746 non
648 1687 680 1746 in
712 1709 776 1760 sua,
807 1688 967 1768 imperium
982 1690 1031 1747 sit.

27 1783 176 1842 Virorum
195 1783 253 1843 hoc
270 1783 389 1843 animos
411 1783 572 1844 vulnerare
595 1793 700 1864 posset
723 1784 822 1864 :quid
839 1783 1034 1845 muliercula·

27 1901 94 1938 rum
112 1880 258 1952 censetis,
276 1900 352 1961 quas
363 1879 454 1940 etiam
468 1902 562 1961 parva
582 1883 735 1941 movent?
753 1881 822 1940 Non
838 1882 1034 1960 magistratus

1 2006 2 2048 ξ
29 1999 83 2036 nec
97 1977 273 2036 sacerdotia
292 1997 348 2036 nec
376 1973 524 2059 triumphi
556 1999 612 2038 nec
643 1978 774 2056 insignia
799 1999 855 2036 nec
879 1977 959 2036 dona
981 1986 1035 2036 aut

1 2063 2 2094 ³
27 2075 125 2154 spolia
150 2074 262 2134 bellica
283 2067 330 2134 his
349 2075 528 2152 contingere
547 2073 700 2155 possunt:
716 2074 888 2147 munditiae,
907 2081 1034 2134 ornatus

29 2179 55 2229 et
71 2171 190 2242 cultus,
219 2169 286 2230 haec
307 2171 489 2230 feminarum
511 2171 642 2249 insignia
670 2156 763 2232 sunt:
785 2171 833 2230 his
859 2171 994 2250 gaudent
1004 2178 1035 2230 et

29 2267 218 2344 gloriantur;
235 2267 318 2327 hunc
332 2267 480 2326 mundum
495 2267 675 2327 muliebrem
685 2267 924 2347 appellaverunt
939 2268 1035 2347 majo·

1 2411 2 2432 ,
30 2386 73 2423 res
89 2363 203 2424 nostri.
221 2387 237 2418 n

174 2593 258 2652 157.
276 2566 470 2664 nepenses'
491 2597 558 2654 dos
583 2595 735 2652 remmes
758 2593 893 2652 rienes.

209 2693 269 2775 (De
297 2691 427 2754 divitum
458 2694 625 2754 mulierum
654 2693 856 2776 sumptibus.)

1 2902 2 2930 3
31 2855 92 2931 Ego
118 2853 291 2913 indotatam
313 2853 422 2913 ducam
445 2859 571 2913 uxorein
593 2854 732 2913 domurn.
1051 2865 1104 2918 nh.

1 2942 9 3005 i
31 2949 122 3022 Nam,
146 2971 214 3010 meo
236 2950 360 3031 quidem
382 2950 494 3024 animo,
519 2951 547 3008 si¹
566 2949 647 3010 idem
668 2950 783 3010 faciant
809 2949 913 3023 ceteri,

30 3048 63 3106 Et
86 3047 191 3106 multo
212 3048 267 3107 fiat
288 3047 397 3106 civitas
420 3047 613 3118 concordior,

30 3143 64 3204 Et
87 3143 210 3203 invidia
232 3165 289 3203 nos
310 3145 427 3203 minore
450 3153 573 3203 utamur
593 3164 685 3224 quam
708 3144 834 3217 utimur,

29 3243 63 3300 Et
87 3240 155 3299 illae
176 3241 286 3301 malam
309 3261 371 3299 rem
393 3248 533 3300 metuant
554 3262 645 3321 quam
666 3248 811 3301 metuunt
832 3241 939 3320 magis,

29 3338 62 3397 Et
84 3356 153 3396 nos
171 3337 288 3396 minore
310 3345 434 3418 sumptu
456 3337 551 3396 simus
573 3358 664 3418 quam
686 3359 802 3397 sumus.

28 3435 124 3494 Nulla
153 3431 243 3509 igitur
264 3433 393 3494 dicat:«
411 3433 560 3514 Equidem
583 3433 686 3493 dotem
709 3435 746 3494 ad
769 3443 799 3494 te
821 3433 908 3494 attuli

27 3531 188 3612 blajorem
208 3531 305 3590 multo
327 3552 418 3611 quam
440 3529 497 3590 tihi
519 3538 583 3590 erat
604 3532 756 3611 pecunia:
814 3566 817 3573 -
844 3577 850 3585 ,

29 3629 124 3686 Enim
148 3626 219 3684 mihi
233 3626 354 3707 quidem
364 3648 485 3708 aequum
496 3635 543 3686 est
553 3649 720 3708 purpuram
733 3636 825 3709 atque
839 3649 946 3688 aurum
957 3630 1033 3702 dari,

25 3723 188 3791 Ancillas,
209 3723 317 3792 mulos,
341 3725 502 3797 muliones,
527 3725 721 3805 pedisequos,

458 3911 613 3960 ..109-
