2656 4258
116 151 199 208 191.
220 151 436 222 exemptum
463 153 529 211 des
556 153 675 211 drotts
701 153 908 224 d’he'ritage
935 156 1038 212 entre
1058 155 1115 212 les

279 305 285 318 ,
374 243 531 310 parents
553 243 590 298 et
612 242 669 299 les
692 243 852 300 eufauts.

114 344 170 425 (lle
187 343 219 404 in
235 343 404 406 hereditate
416 344 520 426 patris
539 345 637 428 filius,
658 345 701 406 ita
721 345 754 405 in
771 346 941 408 hereditate
952 345 1117 429 filiipater

408 441 571 502 vicesimae
589 442 737 502 immunis
750 445 819 524 est.)

154 602 246 662 Pater
259 609 332 662 tuus
347 602 449 662 sanxit
462 607 498 661 ut
511 602 594 682 quod
614 623 651 662 ex
669 603 774 662 matris
789 603 827 662 ad
847 602 970 678 liberos,
988 624 1025 662 ex
1039 603 1115 664 libe·
1142 596 1181 660 2⁰

112 720 218 760 rorum
232 699 320 758 bouis
335 698 527 780 pervenisset
542 699 580 758 ad
595 707 735 772 matrem,
758 700 877 759 etiamsi
894 701 1114 778 cognationum

109 797 182 876 jura
199 817 263 856 non
288 797 485 876 recepissent,
507 817 576 855 cum
601 797 757 856 civitatem
782 797 1035 876 adipiscerentur,
1049 797 1115 876 ejus

111 893 292 954 vicesimam
314 913 351 952 ne
370 893 489 954 darent.
516 883 660 952 Eamdem
680 894 905 952 immunitatem
926 894 958 952 in
980 894 1115 973 paternis

112 991 202 1052 bonis
216 990 280 1049 filio
295 989 414 1062 tribuit,
431 990 456 1048 si
481 989 572 1048 modo
587 990 733 1049 reductus
755 998 835 1050 esset
850 991 881 1049 in
898 991 993 1070 patris
1014 997 1112 1069 potes·

114 1095 231 1148 tatem:
248 1094 332 1146 ratus
361 1086 511 1166 improbe,
537 1094 569 1146 et
589 1087 766 1159 insolenter,
793 1108 828 1146 ac
849 1108 937 1166 paene
959 1087 1051 1166 impie
1067 1087 1115 1145 his

113 1184 291 1244 nominibus
307 1184 400 1242 inseri
426 1184 635 1263 publicanum,
666 1205 722 1243 nec
748 1185 813 1243 sine
837 1181 959 1263 piaculo
981 1183 1114 1264 quodam

113 1281 321 1340 sanctissimas
349 1280 591 1340 necessitudines
619 1281 702 1338 velut
731 1281 939 1340 intercedente
970 1280 1115 1340 vicesima

112 1377 211 1437 scindi
221 1402 229 1449 ;
256 1377 374 1436 nullum
402 1398 468 1436 esse
485 1377 563 1436 tanti
580 1376 711 1455 vectigal
726 1377 809 1458 quod
825 1378 937 1436 liberos
950 1397 985 1436 ac
1005 1397 1116 1457 paren-

115 1484 160 1533 tes
188 1475 304 1534 laceret
335 1481 508 1534 extraneos.
542 1475 700 1533 Hactenus
730 1474 802 1535 ille:
832 1474 955 1554 parcius
986 1473 1115 1532 tortasse

115 1592 207 1651 quam
223 1571 327 1630 decuit
342 1572 493 1650 optimum
518 1570 700 1650 principem,
728 1571 781 1630 sed
803 1591 864 1629 non
888 1571 1010 1650 parcius
1023 1589 1114 1650 quam

113 1669 264 1748 optimum
280 1675 409 1747 patrem.
424 1668 488 1726 Tua
504 1688 577 1726 vero
594 1666 759 1726 liberalitas
780 1667 884 1727 statim
907 1668 1025 1726 muneri
1049 1666 1116 1746 ejus

113 1765 266 1824 adstruxit
283 1771 327 1836 ut,
349 1763 608 1844 quemadmodum
619 1763 651 1821 in
666 1764 762 1844 patris
780 1763 872 1836 filius,
889 1764 978 1822 sicin
996 1763 1116 1822 heredi-

114 1870 177 1921 tate
194 1862 249 1919 filii
266 1868 354 1941 pater
375 1868 455 1919 esset
470 1861 626 1934 immunis,
655 1880 711 1919 nec
738 1860 845 1919 eodem
872 1868 1029 1922 momento
1053 1879 1115 1938 quo

116 1966 202 2038 pater
230 1979 296 2017 esse
317 1958 447 2017 desisset
473 1957 531 2015 hoc
560 1977 683 2037 quoque
704 1957 859 2016 amitteret
883 1956 966 2037 quod
995 1956 1138 2025 luisset„
1164 2001 1168 2008 .

114 2055 253 2136 Egregie,
276 2054 388 2128 Caesar,
406 2054 489 2134 quod
513 2053 652 2113 lacrimas
678 2047 839 2132 pareutum
865 2047 1029 2131 uectigales
1050 2073 1115 2110 esse

115 2172 175 2210 non
210 2152 335 2231 pateris
379 2151 527 2229 Dignum,
572 2151 750 2231 imperator,
790 2149 1026 2210 mansuetudine
1049 2155 1113 2220 tua,

115 2248 252 2308 minuere
282 2248 424 2307 orbitatis
459 2247 600 2328 injurias,
634 2268 691 2308 nec
736 2248 800 2327 pati
831 2267 1028 2328 quemquam,
1051 2245 1115 2305 filio

114 2346 238 2416 amisso,
258 2346 385 2425 insuper
399 2345 478 2404 affici
493 2344 553 2404 alio
568 2344 686 2404 dolore.
709 2344 796 2403 Adde
816 2343 910 2424 quod,
933 2365 1003 2404 curn
1025 2343 1115 2402 divus

116 2443 213 2502 Nerva
225 2442 377 2501 sanxisset
395 2449 428 2500 ut
438 2442 470 2500 in
480 2441 615 2520 paternis
626 2441 715 2500 bonis
728 2441 816 2500 liberi
832 2441 1014 2500 necessitate
1033 2441 1116 2499 vice-

114 2539 196 2598 simas
217 2539 421 2610 solverentur,
445 2558 617 2615 congruens
638 2543 705 2597 erat
731 2537 869 2596 eamdem
888 2537 1115 2599 immunitatem

116 2644 254 2713 parentes
271 2636 303 2694 in
317 2635 485 2694 liberorum
505 2632 594 2693 bonis
609 2633 758 2695 obtinere.

119 2840 197 2898 192.
223 2841 294 2898 Sur
314 2839 354 2895 la
369 2837 496 2904 cretio,
513 2850 558 2894 ou
572 2837 809 2907 acceptetton
828 2838 913 2894 d’un
933 2835 1115 2909 nerttage.

212 2943 272 3024 (De
299 2941 445 3016 cretione,
469 2941 531 3002 sice
553 2941 591 3001 de
619 2941 799 3002 hereditatis
818 2941 1015 3024 acceptione.)

155 3077 315 3137 Extraneis
340 3075 504 3134 heredibus
526 3074 603 3133 solet
625 3075 721 3133 cretio
745 3074 822 3148 dari,
842 3075 872 3133 id
893 3083 938 3134 est
957 3075 1027 3133 finis
1041 3075 1117 3133 deli·
1137 3081 1177 3144 2·

122 3174 253 3246 beraudi,
274 3180 309 3232 ut
324 3173 405 3232 intra
429 3178 547 3230 certum
561 3178 682 3250 tempus
709 3171 757 3230 vel
772 3172 883 3230 adeant
902 3171 1114 3246 hereditatem,

123 3271 177 3344 vel,
210 3271 234 3329 si
255 3291 316 3329 non
345 3270 472 3342 adeant,
491 3268 638 3347 temporis
671 3268 731 3326 fine
764 3268 1015 3328 submoveantur.
1042 3269 1116 3328 Ideo

124 3375 219 3426 autern
239 3368 340 3427 cretio'
353 3365 505 3446 appellata
526 3372 582 3436 est,
599 3365 671 3445 quia
695 3385 818 3424 cernere
838 3372 884 3425 est
912 3366 998 3445 quasi
1013 3365 1115 3425 decer·

123 3484 187 3523 nere
212 3472 240 3524 et
263 3463 462 3522 constituere.
479 3462 557 3520 Cum
573 3482 645 3540 ergo
667 3462 709 3521 ita
726 3462 874 3541 scriptum
895 3462 936 3521 sit
960 3481 967 3523 :
996 3487 1010 3518 a
1028 3463 1116 3521 heros

124 3561 215 3620 Titius
237 3568 301 3620 esto
327 3584 354 3634 u,
372 3559 504 3638 adjicere
520 3558 683 3618 debemus:
709 3583 723 3613 ι(
751 3560 931 3639 cernitoque
945 3560 976 3618 in
991 3567 1115 3619 centum

127 3656 225 3716 diebus
240 3657 402 3737 proxumis
417 3655 528 3735 quibus
548 3655 625 3714 scies
644 3655 819 3736 poterisque
839 3675 845 3716 :
863 3657 980 3736 quodni
995 3657 1037 3716 ita
1051 3677 1116 3715 cre-

130 3755 208 3826 veriS,
235 3755 360 3813 exheres
382 3760 460 3813 esto.
488 3777 502 3808 n
526 3752 565 3811 Et
583 3752 636 3831 qui
657 3752 700 3811 ita
722 3752 809 3813 heres
835 3753 995 3813 institutus
1019 3759 1075 3826 est,
1091 3753 1116 3810 si

535 3910 687 3964 -133-
