2656 4258
327 155 442 196 nostes,
466 169 505 180 -
527 139 684 195 redemeris.
708 171 747 180 -
767 157 955 194 asennaeum.
979 171 1018 180 -
1039 157 1178 194 55555555

251 267 357 345 eadem
373 267 423 325 illa
437 267 628 326 humanitate
641 288 710 346 quae
721 288 780 337 me,
794 275 828 326 ut
840 269 921 339 hoc
914 289 1013 348 ipsum
1029 268 1256 347 permitterem,

252 363 384 424 induxit
406 363 475 422 Non
496 363 565 423 ideo
591 371 691 423 tamen
716 365 805 423 velim
831 365 937 423 durior
955 365 1042 424 fieri:
1065 385 1120 424 nec
1143 366 1256 442 ignoro

198 485 206 540 ἶ
251 459 327 518 alios
342 459 520 540 hujusmodi
532 481 620 520 casus
631 461 708 519 nihil
721 461 852 540 amplius
865 482 974 520 vocare
987 483 1078 542 quam
1091 461 1255 534 damnum,

251 577 349 636 eoque
371 483 428 614 sibi
447 577 576 636 magnos
603 557 743 617 homines
765 565 796 617 et
814 559 966 636 sapientes
988 558 1096 620 videri
1120 558 1192 631 Qui,
1216 581 1256 618 an

251 673 353 731 magni
369 654 665 735 sapientesquesrn
677 655 797 726 nescio;
814 655 953 714 hommes
969 676 1029 713 non
1043 662 1126 716 sunt
1144 655 1256 714 Homi-

251 751 297 809 nis
312 756 358 809 est
375 750 458 809 enim
475 751 554 810 affici
570 751 686 824 dolore,
704 753 826 820 sentire
842 753 982 810 resistere
1000 759 1103 811 tamen
1120 759 1152 811 et
1172 753 1256 811 sola-

249 847 295 906 cia
310 847 420 907 admitt
408 855 494 907 t:ere
512 868 585 920 555,
599 847 718 907 solaciis
735 869 795 908 non
811 869 911 925 cgere.
928 849 1043 907 Verum
1057 849 1094 907 de
1105 849 1153 908 his
1164 849 1255 928 plura

250 945 379 1004 fortasse
398 965 490 1025 quam
510 943 614 1012 debui
634 944 686 1004 sed
707 945 851 1024 pauciora
867 965 962 1024 quam
980 945 1089 1005 volui:
1109 952 1158 1004 est
1170 965 1254 1004 emm

249 1041 390 1150 quaedam
417 1042 508 1100 etiam
529 1040 653 1100 dolendi
679 1041 834 1120 voluptaS,
857 1041 1028 1120 praesertim
1056 1041 1080 1100 si
1105 1043 1136 1099 in
1163 1043 1255 1101 amici

248 1139 318 1196 sinu
338 1137 451 1196 delleas
455 1137 559 1217 ,apud
584 1158 676 1217 quem
696 1137 830 1197 lacrimis
850 1139 911 1197 tuis
925 1138 975 1197 vel
991 1137 1058 1196 laus
1075 1139 1116 1197 sit
1132 1149 1253 1217 parata,

249 1235 297 1294 vel
313 1234 414 1294 venia.

556 1719 613 1799 (De
631 1718 809 1800 paenitente
830 1720 941 1799 servo.)

182 1964 222 2028 3⁸
288 1957 459 2017 Libertust
446 1963 528 2030 tuae,
550 1957 599 2016 cui
619 1964 831 2016 succenseret
819 1957 997 2031 tedixeraS,
1016 1959 1103 2017 venit
1122 1957 1162 2017 ad
1186 1980 1249 2031 me,

248 2053 474 2135 advolutusque
498 2053 626 2134 pedihus
647 2053 731 2126 meis,
755 2061 911 2133 tamquam
927 2054 999 2125 tuis,
1024 2054 1125 2119 haesit
1149 2055 1255 2114 Flevit

250 2150 391 2222 multum,
430 2150 560 2209 multum
595 2150 726 2228 rogavit,
765 2150 963 2209 multumt
933 2151 1024 2209 etiam
1061 2152 1183 2211 tacuit:
1223 2153 1255 2210 in

249 2267 380 2319 summa,
400 2247 472 2306 lecit
493 2247 567 2304 mihi
585 2247 676 2305 fidem
694 2247 894 2326 paenitentiae.
911 2248 991 2305 Vere
1002 2251 1095 2306 credo
1109 2248 1258 2307 emenda

248 2351 314 2402 turn
319 2343 414 2423 ‚quia
433 2343 599 2422 deliquisse
612 2364 644 2402 se
659 2344 763 2403 sentit
783 2343 939 2414 Irasceris,
953 2343 1042 2402 scio:
1062 2357 1093 2402 et
1112 2343 1257 2403 irasceris

248 2435 369 2512 merito,
386 2439 416 2498 id
433 2460 555 2520 quoque
574 2439 660 2498 seio:
678 2439 759 2497 sedt
747 2447 821 2498 unc
836 2460 990 2518 praecipua
1004 2447 1147 2499 mansue
1135 2441 1257 2500 udrnis

248 2536 325 2607 laus,
347 2556 416 2594 oum
436 2537 489 2594 irae
513 2555 605 2594 causa
623 2535 797 2615 justissima
817 2542 873 2594 est.
851 2535 1015 2593 Amasti
1034 2536 1205 2611 hommem
1226 2547 1257 2597 et

248 2653 350 2712 spero,
366 2633 503 2692 amabis
521 2631 644 2692 lntrram
660 2631 825 2690 sullic1t
813 2640 965 2690 exorari
979 2638 1009 2690 te
1025 2652 1116 2692 smas
1135 2633 1259 2692 Licebit

248 2750 353 2788 rursus
363 2729 462 2799 irasci
476 2749 501 2786 55
494 2728 679 2787 'merueritz
697 2727 780 2807 quod
794 2734 937 2786 exoratus
953 2728 1129 2786 excus'atius
1144 2728 1255 2790 facies,

182 2888 188 2912 J
249 2825 385 2886 Remitte
356 2824 530 2904 taliquid
564 2823 821 2882 adulescentiae
814 2824 920 2902 ipsius,
951 2824 1073 2883 remitte
1105 2823 1255 2900 lacrimis,

249 2924 324 2982 remi
328 2931 371 2980 tte
393 2921 564 2997 indulgent
557 2941 593 2978 1ae
616 2928 702 2980 tuae:
728 2939 766 2977 ne
787 2919 912 2988 torseris
934 2918 1037 2991 illum,
1060 2941 1098 2979 55
1125 2925 1259 2982 torseris

248 3020 341 3078 etiam
355 3026 395 3078 te
410 3016 585 3096 Torqueris
590 3036 682 3088 emm
700 3037 789 3074 cum
788 3023 850 3074 am
866 3015 968 3074 lems
960 3031 1111 3076 nasceris
1133 3018 1258 3078 Vereor

249 3138 287 3176 55
310 3115 416 3174 videar
434 3135 497 3172 non
511 3133 630 3191 rogare,
650 3111 703 3170 sed
725 3133 844 3189 eogere,
867 3113 891 3170 si
913 3112 1056 3192 precibus
1077 3113 1146 3192 ejus
1172 3137 1259 3176 meas

245 3215 389 3294 J'unxero
412 3211 544 3287 lungam
564 3217 666 3268 tamen
688 3215 773 3278 tanto
793 3209 913 3287 plenius
933 3217 963 3266 et
971 3209 1120 3283 55155555,
1136 3221 1259 3292 quanto

249 3312 349 3390 ipsum
363 3309 461 3367 acrius
475 3306 673 3385 severiusque
689 3305 836 3384 corripui,
856 3305 924 3362 dest
913 3305 1001 3363 triete
1016 3305 1151 3366 minatus
1164 3329 1259 3368 num-

248 3427 340 3487 quam
360 3426 408 3463 me
425 3411 542 3483 postea
553 3410 641 3480 roga
643 3421 743 3460 urum
762 3402 829 3460 Hoc
842 3400 886 3458 5115
891 3421 1007 3480 ,quem
1030 3403 1140 3462 terreri
1160 3424 1258 3484 opor-

249 3503 351 3574 tebat;
368 3501 423 3559 tabi
436 3521 498 3558 non
520 3499 612 3557 idem.
634 3497 712 3555 Nam
728 3497 861 3556 fortasse
880 3497 992 3556 iterum
1010 3499 1259 3582 rogabo1mpe·

249 3599 336 3658 trabe
350 3599 485 3655 iterum
505 3595 544 3654 555
560 3595 684 3654 55οά5
672 3593 793 3668 tutale,
759 3613 921 3670 rogare
936 3613 995 3668 me
1011 3600 1045 3653 ut
1060 3603 1211 3675 praestare
1228 3607 1258 3660 te

250 3696 367 3754 deceat.

679 3865 818 3921 „64-

1314 241 1315 280 5

1314 299 1315 378 5

498 1569 556 1627 91
577 1571 767 1629 L’esclave
788 1572 996 1641 repensant

1314 1733 1315 1786 5
