2682 4258
398 181 401 188 ,
438 151 564 188 MORALE.
588 163 626 174 ···
647 149 833 187 PlllLOSOPHlE

302 339 385 396 483.
406 342 460 397 La
478 339 706 408 philosophie
727 341 774 395 du
794 340 968 396 honneur.

79 544 85 552 ·
174 511 233 594 (De
254 534 289 573 ea
306 511 509 594 philosophia
521 533 602 595 quae
624 511 707 572 viam
730 513 818 572 beate
840 511 966 572 vivendi
985 511 1095 592 docet.)

175 926 200 986 Ο
220 925 398 1004 praeclaram
419 926 506 984 beate
527 925 664 994 vivendi,
682 933 711 984 ot
731 933 880 1004 apertam,
898 933 928 984 et
950 925 1133 1004 simplicem,
1151 937 1204 998 nh,

67 1099 71 1110 ,
133 1029 165 1082 et
189 1022 336 1082 directam
360 1022 569 1083 viaml‘Cum
590 1022 671 1080 enim
698 1029 780 1080 certe
805 1021 879 1080 nihil
903 1023 1021 1081 homini
1037 1021 1136 1101 possit
1170 1051 1173 1060 ‚

133 1118 244 1178 melius
268 1139 333 1177 esse
361 1139 454 1198 quam
474 1139 583 1180 vacare
607 1117 691 1177 omni
716 1117 821 1176 dolore
847 1126 877 1177 et
899 1119 1050 1191 molestia,
1068 1138 1136 1197 per·

134 1216 258 1295 fruique
280 1215 422 1274 maximis
442 1222 473 1274 et
489 1215 583 1274 animi
599 1222 629 1273 et
649 1215 787 1294 corporis
806 1215 1029 1293 voluptatibuS,
1047 1213 1135 1272 vide-

136 1313 215 1370 tisne
230 1333 322 1390 quam
340 1311 417 1370 nihil
431 1312 686 1391 praetermittatur
699 1311 782 1390 quod
801 1312 897 1370 vitam
911 1311 1050 1390 adjuvet,
1073 1331 1137 1390 quo

134 1408 255 1467 facilius
269 1408 311 1480 id,
325 1407 415 1488 quod.
440 1407 633 1489 propositum
647 1416 703 1480 est,
721 1428 873 1466 summum
891 1408 1006 1466 bonum
1028 1425 1137 1468 conse-

134 1505 288 1584 quamur?
305 1505 425 1563 Clamat
437 1505 598 1583 Epicurus,
613 1503 639 1562 is
648 1525 738 1582 quem
747 1525 802 1562 vos
816 1504 907 1562 nimis
923 1503 1138 1583 voluptatibus

134 1621 200 1660 csse
214 1600 354 1659 deditum
366 1600 479 1673 dicitis,
496 1621 558 1658 non
578 1621 667 1679 posse
683 1599 821 1679 jucunde
844 1601 918 1669 vivi,
939 1600 996 1657 nisi
1014 1600 1138 1679 sapien-

136 1706 191 1768 ter,
216 1697 356 1770 honeste,
383 1697 529 1776 justeque
550 1697 693 1768 vivatur;
719 1717 775 1754 nec
801 1697 965 1776 sapienter,
995 1697 1136 1766 honeste,

101 1789 104 1794 ’
129 1795 227 1874 juste,
243 1793 301 1851 nisi
312 1793 462 1872 jucunde.
478 1793 585 1872 Neque
603 1793 684 1851 enim
700 1793 809 1851 civitas
830 1794 862 1850 in
880 1793 1031 1852 seditione
1047 1789 1137 1852 beata

134 1911 201 1949 csse
237 1895 349 1968 potest,
374 1907 430 1948 neo
455 1889 488 1947 in
511 1888 664 1947 discordia
683 1889 878 1947 dominorum
907 1888 1041 1950 domus}
1074 1911 1139 1970 quo

133 1987 237 2045 minus
251 1986 403 2044 animusa
423 2005 455 2043 se
474 1985 539 2064 ipse
568 1984 731 2056 dissidenS,
757 2005 923 2064 secumque
943 1984 1136 2052 discordans

134 2089 260 2162 gustare
275 2089 394 2161 partem
413 2081 506 2140 ullam
526 2081 652 2160 liquidae
667 2081 836 2160 voluptatis
856 2089 886 2140 et
902 2081 1005 2139 liberae
1021 2090 1136 2160 potest.

135 2178 233 2258 Atqui
250 2178 460 2257 pugnantibus
481 2185 511 2237 et
521 2179 684 2236 contrariis
705 2178 815 2236 studiis
840 2178 1039 2256 consiliisque
1056 2198 1138 2236 sem-

135 2296 191 2354 per
206 2282 296 2334 utens
308 2274 386 2333 nihil
398 2275 495 2353 quieti
507 2274 621 2346 videre,
635 2274 712 2332 nihil
723 2273 881 2352 tranquilli
897 2281 1007 2352 potest⁴
1020 2275 1138 2342 Quodsi

134 2371 275 2450 corporis
297 2371 490 2449 gravioribus
523 2370 637 2429 morbis
664 2371 736 2429 vitae
753 2370 932 2449 jucunditas
956 2370 1136 2450 impeditur,

135 2466 370 2548 quantomagis
394 2467 487 2524 animi
507 2466 622 2524 morbis
642 2467 783 2545 impediri
808 2487 930 2525 necesse
950 2469 1011 2526 est!
1033 2469 1137 2526 Animi

135 2572 239 2623 autem
254 2563 354 2622 morbi
371 2570 443 2621 sunt
453 2562 638 2642 cupiditates
660 2563 817 2621 immensae
837 2571 867 2622 et
888 2565 994 2622 inanes
1015 2564 1139 2621 divitia-

136 2681 216 2732 rum,
236 2660 353 2737 gloriae,
377 2659 607 2730 dominationis,
627 2659 862 2717 libidinosarum
883 2661 974 2718 etiam
999 2660 1140 2739 volupta-

136 2763 215 2816 tum.
228 2755 389 2814 Accedunt
397 2755 606 2833 aegritudincS,
616 2755 776 2826 molestiae,
788 2775 940 2827 maerores,
953 2756 1005 2834 qui
1017 2757 1137 2816 animos

136 2853 274 2910 exedunt
289 2852 520 2930 conficiuntque
535 2852 617 2910 curis
634 2851 793 2909 hominum
814 2872 874 2909 non
891 2852 1138 2928 intellegentium

137 2948 216 3007 nihil
237 2947 404 3006 dolendum
432 2969 497 3006 esse
522 2949 635 3018 animo,
664 2947 748 3027 quod
773 2947 813 3006 sit
833 2969 849 3005 a
872 2948 977 3006 dolore
999 2951 1137 3029 corporis

137 3044 282 3124 praesenti
300 3043 445 3102 futurove
461 3043 647 3122 sejunctum.
666 3044 729 3102 Nec
748 3064 823 3101 vcro
844 3045 1006 3123 quisquam
1027 3046 1139 3104 stultus

137 3159 200 3200 non
218 3140 329 3198 horum
344 3140 521 3198 morborum
537 3140 641 3218 aliquo
657 3140 786 3198 laborat.
809 3140 907 3198 Nemo
922 3141 1017 3217 igitur
1027 3142 1140 3201 stultus

139 3257 202 3295 non
215 3236 318 3295 miser.
333 3236 463 3295 Accedit
479 3237 570 3294 etiam
585 3256 678 3306 mors,
688 3256 767 3314 quac,
785 3237 872 3314 quasi
882 3257 988 3294 saxum
997 3239 1137 3312 Tantal0,

139 3353 261 3412 semper
277 3332 449 3410 impendet;
475 3339 540 3390 tum
561 3332 751 3409 superstitio,
777 3353 837 3410 qua
855 3333 907 3411 qui
926 3340 971 3390 est
990 3333 1137 3404 imbutus,

137 3431 262 3510 quietus
276 3448 342 3486 esse
356 3449 523 3507 numquam
535 3435 647 3507 potest.

219 3760 263 3804 Vir
269 3759 347 3811 privo
355 3759 394 3800 des
404 3759 521 3801 Romaim.

536 3812 717 3911 ¹-aaa-
