2678 4250
312 159 383 200 Luxu
405 163 456 200 DES
478 163 647 212 BATlMENTS,
669 165 705 201 DE
726 165 762 201 tn
782 165 881 215 TABLE,
900 165 935 201 DE
957 166 991 202 LA
1013 163 1124 202 runnu!

218 271 291 345 sius,
321 272 370 330 vir
397 272 534 353 alioquin
563 294 599 332 cx
625 273 765 354 professo
787 274 899 347 molliS,
927 282 959 332 et
979 274 1011 333 in
1046 275 1216 352 praecinctu
1282 299 1290 314 ·

180 399 186 452 '.
219 389 336 448 ponens
351 389 473 428 omnem
493 369 648 431 decorem.
666 371 737 430 Fuit
752 372 833 430 enim
849 372 963 429 vestitu
978 370 1016 430 ad
1034 370 1217 429 munditiem

169 457 173 468 ’
217 465 351 537 curioso,
366 471 406 538 et,
417 474 452 524 ut
466 466 542 525 bene
558 467 687 525 amictus
701 467 769 540 iret,
789 467 897 526 faciem
914 467 945 525 in
961 466 1085 547 speculo
1099 487 1220 546 quaere-

218 561 299 640 bat:
327 561 379 620 ubi
412 583 443 620 se
476 563 609 633 intuens,
642 570 746 641 togam
767 563 889 643 corpori
912 564 956 622 sic
981 563 1165 643 applicabat,
1183 567 1221 623 ut

218 677 308 734 rugas
335 679 396 716 non
413 657 495 717 forte
514 658 567 718 sed
582 658 733 718 industria
757 658 871 718 locatas
892 660 1004 718 artifex
1026 659 1123 718 nodus
1144 680 1222 718 con·

218 760 393 832 stringeret,
418 763 449 814 et
468 755 553 814 sinus
570 776 607 814 ex
631 756 802 835 composito
824 755 961 814 delluens
981 756 1095 814 nodum
1114 754 1221 816 lateris

218 850 358 914 ambiret.
384 852 413 910 Is
434 851 599 931 quondam,
615 873 684 911 cum
713 853 870 911 incederet
897 852 1071 912 elaboratus
1096 851 1134 912 ad
1150 873 1223 932 spe-

217 945 306 1021 ciem,
323 947 448 1026 collegae
468 949 504 1007 de
532 949 653 1030 injuriis
675 949 756 1008 diem
774 947 863 1021 dixit,
884 949 968 1027 quod
984 949 1041 1007 sibi
1059 949 1090 1007 in
1105 969 1222 1028 angus-

217 1035 268 1101 tiis
283 1043 393 1102 obvius
411 1047 527 1103 offensu
548 1046 676 1105 fortuito
698 1053 884 1105 structuram
900 1054 979 1124 togae
997 1045 1193 1105 destruxerat
1211 1065 1219 1108 τ

168 1125 175 1145 ’
217 1146 249 1198 et
264 1140 375 1219 capital
393 1142 515 1220 putavit
527 1142 610 1221 quod
619 1142 651 1200 in
666 1163 772 1201 umero
787 1163 842 1201 suo
850 1142 952 1201 locum
966 1162 1042 1220 ruga
1055 1147 1220 1202 mutasset.

357 1432 439 1490 255.
461 1432 592 1489 contre
603 1432 643 1489 la.
661 1432 828 1489 richesse
851 1433 888 1490 et
911 1432 946 1490 le
970 1432 1067 1489 luxe.

229 1613 231 1618 .
302 1557 353 1643 (In
367 1541 493 1622 diuitias
506 1568 536 1621 et
559 1561 718 1622 luxuriam
738 1561 894 1622 invehitur
904 1560 1134 1644 philosophus.)

154 1761 192 1826 2ο
257 1763 422 1843 Quousque
449 1764 524 1823 fines
553 1764 779 1844 possessionum
804 1764 1034 1844 propagabitis?
1063 1783 1135 1842 ager
1163 1765 1220 1824 uni

218 1860 354 1933 domiuo,
370 1861 422 1941 qui
438 1861 586 1942 populum
608 1861 701 1941 cepit,
725 1868 872 1938 angustus
888 1864 948 1920 cst!
965 1860 1132 1941 Quousque
1153 1881 1222 1920 ara·

149 2021 150 2026 ¹
215 1957 316 2016 tiones
331 1966 450 2016 vestras
465 1958 639 2037 porrigetis,
663 1978 702 2016 ne
719 1957 947 2037 provinciarum
963 1957 1086 2037 quidem
1100 1957 1221 2016 satione

215 2054 355 2113 contenti
380 2053 634 2113 circumscribere
659 2054 845 2134 praediorum
872 2055 1020 2113 modum?
1049 2054 1220 2113 illustrium

215 2150 377 2208 fluminum
400 2170 455 2229 per
473 2149 627 2228 privatum
663 2150 811 2210 decursus
839 2159 895 2223 est,
930 2158 961 2208 et
982 2171 1087 2209 amnes
1115 2151 1222 2228 magni

216 2262 458 2325 magna-rumque
479 2247 618 2323 gentium
640 2247 762 2306 termini
788 2268 884 2327 usque
905 2246 942 2304 ud
959 2247 1070 2306 ostium
1092 2245 1223 2306 alonte

216 2342 311 2401 vestri
326 2350 409 2400 sunt.
428 2343 496 2400 Hoc
511 2363 634 2423 quoque
648 2364 755 2422 parum
770 2352 826 2418 est,
846 2343 904 2402 nisi
922 2343 1092 2402 latifundiis
1106 2344 1222 2426 vestris

216 2438 310 2498 maria
326 2439 476 2510 cinxistiS,
499 2439 556 2498 nisi
575 2447 658 2498 trans
677 2440 824 2500 Hadriam
842 2447 871 2498 et
887 2440 1008 2499 lonium
1024 2440 1222 2520 AEgeumque

216 2542 318 2594 vester
333 2535 442 2594 vilicus
460 2544 577 2613 regnat,
590 2537 649 2594 nisi
662 2537 780 2608 insulae,
795 2535 907 2596 ducum
922 2536 1076 2595 domicilia
1090 2556 1235 2613 magno,

217 2653 297 2704 rum,
311 2631 391 2691 inter
406 2632 552 2690 vilissima
574 2653 675 2691 rerum
700 2640 911 2691 numerantur.
933 2631 1030 2698 Quam
1046 2632 1139 2691 vultis
1154 2631 1222 2692 late

216 2728 391 2808 possidete;
410 2729 450 2787 sit
474 2729 599 2802 lunduS,
624 2729 705 2809 quod
722 2729 886 2807 aliquando
902 2728 1065 2808 imperium
1086 2727 1222 2787 vocaba-

215 2836 284 2887 tur:
304 2825 396 2884 lacite
418 2833 567 2898 vestrum,
596 2825 747 2904 quidquid
776 2825 919 2905 potestisl
940 2824 1067 2884 -dum
1092 2824 1159 2905 plus
1178 2825 1224 2883 sit

144 2919 157 2966 ,¹
215 2906 318 2982 alieni.
344 2921 538 3002 Ubicumque
565 2921 728 2981 scatebunt
750 2942 897 3000 aquarum
921 2921 1086 2981 calentium
1106 2941 1220 2994 venue,

216 3019 258 3077 ibi
275 3039 354 3078 nova
378 3018 553 3077 deversoria
577 3018 714 3077 luxuriae
741 3018 881 3077 excitate.
900 3017 1094 3098 Ubicumque
1110 3016 1140 3075 in
1163 3016 1224 3076 ali-

216 3135 308 3194 quem
338 3115 438 3174 sinum
460 3113 533 3173 litus
554 3114 744 3187 curvabitur,
770 3135 826 3172 vos
854 3116 992 3194 protinus
1017 3113 1224 3175 fundamenta
1312 3115 1313 3132 ³

213 3211 323 3294 jacite;
340 3233 396 3270 nec
409 3210 546 3270 contenti
563 3210 639 3282 solo,
668 3211 727 3269 nisi
739 3210 822 3291 quod
844 3230 936 3269 manu
962 3211 1108 3283 feceritis,
1131 3231 1223 3272 mare

216 3308 297 3385 agite
312 3309 473 3370 introrsus.
501 3307 651 3367 Omnibus
667 3307 739 3366 licet
763 3307 838 3366 locis
858 3313 939 3365 tecta
961 3315 1061 3366 vestra
1081 3305 1225 3386 resplen-

215 3404 318 3474 deant,
353 3391 448 3464 aliubi
475 3403 619 3484 imposita
647 3403 814 3478 montibuS,
845 3404 876 3462 iu
909 3413 1031 3463 vastum
1064 3410 1223 3466 terrarum

216 3502 369 3581 marisque
381 3509 589 3582 prospectum,
604 3501 699 3558 aliubi
712 3523 748 3559 ex
763 3495 858 3580 plano
870 3501 900 3560 in
920 3500 1114 3562 altitudinem
1130 3521 1225 3562 mon-

216 3597 293 3656 tium
323 3598 455 3658 educta:
479 3617 548 3656 cum
576 3597 672 3656 multa
699 3597 942 3671 aedificaveritis,
971 3617 1041 3657 cum
1063 3596 1220 3675 ingentia,

216 3701 317 3752 tamen
333 3701 363 3751 et
381 3694 498 3770 singula
510 3681 637 3772 corpora
649 3694 731 3766 estis,
748 3702 779 3753 et
788 3695 925 3774 parvula.

634 3880 789 3932 *178-
