2678 4250
424 193 557 232 voraces
579 195 614 232 sa
635 177 801 232 comosnts
821 209 860 218 -
881 195 917 232 ta
937 194 1091 232 cauraons

257 303 330 373 sint,
348 323 386 362 an
411 303 485 383 ipsae
509 305 595 363 sedes
614 305 762 368 custodiae
783 305 856 364 satis
875 311 950 364 tutae
973 304 1163 384 munitaeque
1185 302 1265 362 sint.

256 399 419 480 Tantoque
433 401 585 460 curiosior
598 402 758 482 inquisitio
773 401 1002 481 patrisfamilias
1017 401 1109 460 debet
1129 419 1194 458 esse
1205 419 1268 478 pro
1330 425 1331 476 3

257 494 311 554 tali
332 516 443 574 genere
463 518 622 556 servorum
646 505 759 558 aeaut
786 499 818 556 in
839 497 993 558 vestiariis
1015 504 1069 556 aut
1093 497 1125 555 in
1150 495 1268 555 ceteris
1330 483 1331 530 f

256 591 394 671 praebitis
410 593 558 674 injuriose
578 601 760 668 tractentur,
778 603 894 676 quanto
909 601 940 654 et
954 594 1093 674 pluribus
1114 591 1265 672 subjecti,

257 695 292 748 ut
305 689 416 758 vilicis,
439 700 473 750 ut
491 711 619 770 operum
638 691 801 770 magistris,
818 699 854 752 ut
873 691 1092 769 ergastulariis,
1111 697 1142 748 et
1162 687 1267 766 magis

257 784 381 846 obnoxii
399 787 608 868 perpetiendis
626 788 757 866 injuriis.
776 790 864 868 Aque
879 788 945 867 ipse
957 787 1047 867 panis
1061 784 1267 866 potionisque

256 883 423 942 bonitatem
444 892 533 962 gustu
545 904 600 944 suo
611 884 750 964 exploret
761 902 769 958 ;
783 891 912 957 vestem,
925 884 1070 955 manicas,
1083 882 1268 962 pedumque

255 980 391 1058 tegmina
415 989 626 1060 recognoscat.
664 981 752 1060 Saepe
779 981 872 1040 etiam
901 979 1050 1062 querendi
1076 984 1266 1059 potestatem

255 1075 397 1135 faciatde
419 1077 456 1136 iis
471 1078 523 1157 qui
541 1084 594 1137 aut
610 1077 776 1137 crudeliter
796 1097 848 1136 eos
866 1084 919 1136 aut
939 1076 1152 1136 fraudulenter
1167 1072 1267 1133 infes-

256 1179 332 1233 tent.
362 1173 496 1232 Feminis
516 1195 640 1254 quoque
661 1173 892 1235 fecundioribus
908 1173 1005 1234 otium
1025 1191 1265 1252 nonnumquam

256 1275 288 1327 et
304 1269 478 1329 libertatem
492 1270 644 1341 dedimus,
661 1291 731 1330 cum
747 1270 849 1351 plures
867 1276 954 1330 natos
971 1270 1164 1329 educassent.
1179 1268 1264 1328 Nam

255 1366 306 1424 cui
330 1373 391 1425 tres
412 1375 500 1426 erant
521 1367 588 1441 filii,
611 1367 752 1443 vacatio,
778 1368 827 1427 cui
848 1367 963 1446 plures,
984 1366 1110 1425 libertas
1134 1385 1267 1446 quoque

255 1463 468 1541 contingebat.

431 1675 514 1733 244.
534 1657 650 1733 Bonte'
670 1688 762 1746 pour
779 1675 837 1732 les
857 1674 1076 1732 serviteurs.

509 1778 652 1859 (Domini
670 1778 768 1840 servis
789 1778 1001 1862 indulgeant.)
1049 1784 1053 1790 '

188 1932 229 1996 3Β
297 1937 415 1997 Vilicus
429 1940 546 2018 primus
562 1939 700 1998 omnium
720 1939 856 2017 evigilet,
875 1937 1083 2018 familiamque
1104 1935 1197 1995 nimis
1219 1936 1259 1994 ad

255 2054 349 2113 opera
386 2043 595 2106 cunctantem,
645 2056 700 2115 pro
735 2034 926 2115 temporibus
953 2035 1036 2107 anni,
1077 2033 1267 2092 festinanter

255 2131 417 2220 producat,
433 2140 464 2190 et
485 2141 607 2192 strenue
619 2133 684 2211 ipse
695 2131 857 2212 praecedat.
873 2131 1042 2191 Plurimum
1062 2130 1143 2190 enim
1166 2129 1268 2188 refert

254 2227 382 2286 colonos
397 2249 413 2286 a
429 2229 529 2308 primo
549 2249 637 2288 mane
658 2249 735 2308 opus
757 2228 892 2306 aggredi,
917 2249 973 2287 nec
997 2228 1095 2287 lentos
1115 2248 1150 2285 ac
1174 2225 1268 2284 velut
1332 2283 1333 2312 ,

254 2324 371 2382 otiosos
387 2345 487 2402 agere.
509 2326 586 2384 Nam
610 2333 655 2398 ut,
673 2325 704 2383 in
725 2326 835 2385 itinere
850 2325 1054 2399 conficiendo,
1074 2343 1156 2402 saepe
1172 2323 1266 2381 dimi·

254 2418 307 2478 dio
326 2421 478 2480 maturius
496 2423 636 2501 pervenit
657 2422 681 2480 is
701 2422 753 2501 qui
770 2422 910 2500 gnaviter
929 2430 959 2480 et
984 2422 1050 2479 sine
1069 2419 1140 2479 ullis
1159 2439 1266 2478 cessa-

255 2517 391 2575 tionibus
414 2519 585 2598 permeavit
608 2539 699 2599 quam
720 2519 745 2577 is
766 2519 830 2598 qui,
854 2539 924 2592 cum
945 2518 985 2576 sit
1007 2539 1067 2576 una
1088 2516 1262 2596 profectae,

254 2613 378 2672 umbras
400 2615 554 2687 arborum,
567 2615 849 2695 fonticulorumque
869 2615 1089 2684 amoenitatem,
1104 2611 1155 2671 vel
1172 2633 1262 2671 aurae

254 2711 518 2789 refrigerationem
536 2713 692 2792 captavit:
714 2712 808 2771 sicin
827 2712 937 2790 agresti
968 2711 1090 2790 negotio
1109 2710 1172 2768 dici
1199 2709 1259 2768 vix

253 2815 357 2889 potest
371 2809 445 2890 quid
461 2830 580 2887 gnavus
598 2808 755 2890 operarius
770 2809 882 2887 ignavo
900 2817 931 2868 et
945 2816 1097 2867 cessatore
1117 2813 1261 2888 praestet.

255 2907 323 2966 Hoc
341 2906 435 2983 igitur
463 2907 618 2966 custodire
642 2913 765 2986 oportet
791 2906 928 2980 vilicum,
947 2927 983 2964 ne
999 2905 1102 2965 statim
1122 2926 1138 2964 a
1158 2903 1264 2984 prima

253 3003 321 3064 luce
347 3004 463 3064 familia
482 3004 626 3082 languide
646 3003 778 3076 incedat,
803 3003 855 3062 sed
871 3003 957 3062 velut
973 3003 1005 3060 in
1022 3001 1148 3082 aliquod
1176 3022 1263 3082 proe-

253 3101 329 3169 lium
357 3122 427 3161 cum
450 3100 555 3179 vigore
581 3108 612 3160 et
631 3100 788 3160 alacritate
815 3099 908 3158 animi
938 3099 1162 3179 praecedentem
1186 3118 1260 3157 eum

253 3197 410 3278 tamquam
437 3199 546 3257 ducem
579 3205 735 3277 sequatur.
764 3198 833 3277 lpse
864 3197 956 3255 variis
989 3195 1264 3255 exhortationibus

253 3294 426 3355 laborantes
455 3294 578 3368 excitet,
607 3294 733 3353 alterius
765 3315 888 3375 quoque
921 3293 1077 3352 interdurn
1108 3291 1265 3371 fungatur

254 3391 364 3452 offici0.
385 3393 488 3472 Atque
512 3391 564 3450 ubi
583 3391 797 3470 crepusculum
817 3390 985 3462 incesserit,
1006 3389 1160 3449 neminem
1188 3397 1263 3469 post

253 3507 285 3546 se
307 3487 472 3567 relinquat,
491 3488 543 3546 sed
556 3503 662 3546 omnes
679 3487 893 3568 subsequatur,
918 3508 1003 3546 more
1023 3486 1133 3566 optimi
1154 3493 1260 3567 pasto-

252 3584 305 3657 ris,
321 3585 516 3664 atqueetiam
537 3605 607 3644 cum
627 3592 742 3643 tectum
760 3584 898 3656 subierit,
920 3584 1000 3642 idem
1022 3583 1126 3655 faciat,
1154 3603 1257 3663 neque

252 3680 284 3738 in
297 3679 453 3739 domicilio
468 3681 571 3740 statim
587 3681 757 3754 delitescat,
776 3680 829 3739 sed
842 3681 991 3762 cujusque
1007 3680 1056 3739 vel
1069 3687 1136 3739 tum
1151 3700 1258 3739 curam

253 3784 325 3855 agat
339 3776 514 3838 maximam.

674 3911 826 3961 ..170-
