2670 4252
204 190 237 248 3.
268 192 325 248 Un
339 191 446 260 poete
467 183 613 249 console
629 205 678 248 un
689 192 778 261 pere
794 191 968 261 nutrient
984 192 1028 249 de

472 281 606 348 perdre
626 293 693 336 son
710 281 781 337 fils.

153 373 308 480 (Patrem,
329 401 420 482 cujus
438 400 604 483 defunctus
624 408 690 462 erat
706 385 812 484 filius,³
827 403 948 462 solatur
960 399 1078 484 poeta.)

114 561 213 620 Nemo
235 567 344 622 vetat:
369 561 479 620 satiare
500 561 587 620 malis
609 581 787 641 aegrumque
809 561 948 620 dolorem
1146 557 1187 624 2⁸

114 657 271 715 Libertate
293 657 394 715 doma.
417 657 484 716 Jam
507 657 602 716 ssendi
625 657 746 737 expleta
769 657 937 736 voluptas?

110 753 224 812 laniae
248 775 355 834 preces
376 753 475 813 lessus
497 774 559 812 non
581 753 751 832 indignaris
773 755 912 814 amicas?

110 838 223 908 Jamne
246 853 379 911 canam?
398 851 532 909 lacrimis
555 871 592 909 en
614 859 647 910 et
666 871 732 910 mea
755 851 892 911 carmina
913 851 945 909 in
967 851 1036 931 ipso

111 947 173 1005 Ore
197 953 317 1018 natant,
341 948 507 1028 tristesque
528 948 643 1006 cadunt
664 949 696 1006 in
719 949 811 1006 verba
833 948 944 1006 liturae.

115 1043 183 1122 lpse
206 1043 321 1101 etenim
344 1051 444 1102 tecum
467 1044 562 1121 nigrae
586 1044 744 1103 sollemnia
768 1065 889 1124 pompae

111 1140 356 1219 Spectatumque
378 1140 446 1198 urbi
468 1141 567 1199 scelus
600 1147 631 1198 et
652 1141 770 1220 puerile
793 1129 942 1201 feretrum

113 1235 265 1305 Produxi,
289 1257 388 1295 saevos
410 1236 546 1295 damnati
569 1238 647 1296 turis
668 1259 795 1296 acervos

113 1333 353 1411 Plorantemque
376 1335 507 1392 animam
530 1355 621 1413 supra
644 1356 697 1394 sua
719 1335 830 1393 funera
851 1334 928 1408 vidi,

110 1429 218 1508 ‘l'eque
239 1436 361 1509 patrum
384 1430 515 1506 gemitus
538 1438 734 1509 superantem
757 1439 788 1490 et
809 1430 952 1490 bracchia
974 1438 1120 1504 matrum,

111 1525 381 1605 Complexumque
400 1547 492 1604 rogos
527 1528 690 1606 ignemque
713 1527 834 1586 haurire
856 1535 1017 1608 parantem

114 1623 174 1680 Vix
195 1623 293 1694 tenui,
316 1623 423 1682 similis
445 1645 558 1695 comes,
577 1624 752 1703 offendique
774 1627 920 1686 tenendo.

114 1719 155 1777 Et
177 1740 272 1792 nunc,
296 1719 367 1791 heu,
391 1720 478 1778 vittis
501 1728 531 1779 et
554 1721 665 1778 frontis
686 1720 803 1779 honore
825 1721 940 1796 soluto,

118 1816 274 1875 lnlaustus
295 1825 391 1888 vates,
412 1837 489 1876 vexo
512 1839 579 1876 mea
601 1825 725 1896 pectora
749 1824 875 1879 tecum:

113 1912 234 1990 Plango
255 1913 332 1992 lyra,
357 1921 388 1972 et
409 1913 466 1971 diri
488 1915 632 1972 comitem
655 1915 834 1993 sociumque
856 1914 971 1973 doloris

108 2009 183 2068 lam
206 2009 283 2068 lenis
305 2011 421 2090 patiare
444 2031 561 2089 precor.
585 2011 635 2069 Me
657 2011 785 2070 fulmine
807 2012 838 2068 in
860 2012 928 2092 ipso

111 2107 274 2166 Audivere
296 2116 409 2186 patreS,
434 2129 490 2185 ego
510 2108 599 2186 juxta
622 2108 711 2166 busta
735 2109 869 2188 profusis

111 2203 271 2262 Matribus
293 2212 385 2282 atque
406 2204 466 2282 piis
487 2204 585 2262 cecini
608 2205 721 2264 solacia
744 2206 823 2263 natis

111 2299 151 2359 Et
175 2299 265 2370 mihi,
288 2320 358 2359 cum
381 2301 697 2380 proprios-gemerem
720 2301 859 2360 delectus
881 2302 919 2360 ad
941 2302 1029 2380 ignes
1061 2301 1062 2304 ’

110 2395 237 2488 (Quem,
261 2397 409 2477 Natural)
433 2405 561 2476 patrem.
586 2398 649 2456 Nec
671 2405 701 2456 te
723 2398 826 2476 lugere
849 2419 974 2458 severus

110 2497 226 2566 Arcen,
251 2493 433 2552 sed‘confer
455 2495 587 2572 gemitus
610 2495 786 2574 pariterque
809 2496 948 2556 fleamus·

194 2779 195 2783 ,
267 2725 302 2780 4.
336 2725 367 2781 A
385 2737 433 2780 un
452 2724 540 2792 pere
561 2725 623 2793 qul
642 2738 666 2782 a
683 2726 798 2794 perdu
819 2738 885 2782 son
903 2714 973 2782 fils.

338 2845 402 2928 (Ad
417 2851 544 2928 patrem
566 2845 623 2929 qui
642 2847 747 2928 filium
768 2847 905 2929 ontulit.)

150 3004 399 3068 Innumerabilia
414 3010 487 3064 sunt
504 3006 643 3084 exempla
659 3026 775 3077 eorum,
791 3007 843 3085 qni
860 3006 974 3065 liberos
989 3006 1121 3087 juvenes
1150 3023 1192 3084 30

104 3105 178 3163 sine
200 3101 338 3162 lacrimis
353 3102 531 3175 extulerint,
555 3102 609 3182 qui
633 3104 664 3160 in
687 3111 839 3172 senatum,
866 3111 922 3162 aut
944 3105 974 3161 in
998 3104 1124 3184 aliquod

104 3201 277 3280 publicum
293 3199 427 3258 officium
443 3219 460 3258 a
473 3219 547 3277 rogo
560 3199 717 3270 redierint,
731 3208 761 3258 et
776 3201 880 3258 statim
894 3200 977 3258 aliud
991 3201 1123 3279 egerint.

108 3300 176 3358 N'ec
194 3295 375 3355 immerito:
393 3316 474 3367 nam,
492 3297 636 3376 primum,
659 3317 884 3375 supervacuum
901 3305 947 3354 est
967 3297 1081 3371 dolere,
1097 3299 1122 3357 si

102 3395 189 3455 nihil
209 3391 347 3452 dolendo
364 3393 522 3471 proficias:
542 3393 664 3463 deinde,
686 3394 826 3472 iniquum
845 3401 892 3452 est
911 3396 997 3472 queri
1015 3394 1053 3453 de
1073 3417 1121 3468 eo,

101 3491 195 3575 quod
211 3489 269 3551 uni
281 3488 403 3560 accidit,
420 3490 562 3548 omnibus
576 3497 680 3548 restat.
695 3490 761 3548 Flet
775 3491 886 3570 aliquis
899 3491 1025 3560 lactum,
1039 3493 1123 3571 quod

101 3613 172 3652 non
189 3586 355 3670 ignoravit
373 3587 535 3646 futurum?
563 3587 630 3645 Flet
651 3587 761 3665 aliquis
781 3587 906 3660 lactum,
924 3589 1006 3666 quod
1022 3589 1123 3648 aiebat

100 3709 170 3749 non
188 3705 288 3770 posse
307 3703 369 3741 non
385 3683 473 3744 fieri?
489 3683 636 3763 Quisquis
659 3684 791 3764 aliquem
808 3685 948 3763 queritur
967 3693 1123 3744 mortuum

97 3807 183 3856 esse,
208 3780 362 3864 queritur
387 3779 552 3839 hominem·
574 3780 680 3840 luisse.
708 3781 821 3841 Omnes
849 3782 954 3840 eadem
980 3783 1123 3850 condicio

561 3941 680 3991 —3-
