2682 4258
394 143 478 201 381.
496 141 602 198 Mort
621 141 665 197 ds
680 136 840 208 ciceron.
924 201 927 210 ,
1002 203 1005 210 ,

435 271 641 354 (Trucidatur
665 270 798 353 Cicero.)

160 504 200 563 M.
212 504 321 564 Cicero
336 505 392 576 sub
401 503 568 580 adventum
580 503 812 564 triumvirorum
824 509 956 562 cesserat
964 503 1049 576 urbe,
1060 523 1116 582 pro
1129 511 1175 566 aa

26 679 28 686 Ι
122 610 200 661 certo
216 601 343 670 habens,
363 600 393 658 id
411 600 494 680 quod
512 607 586 668 erat,
611 621 673 660 non
691 600 787 679 magis
810 600 947 658 Antonio
972 599 1049 678 eripi
1084 619 1117 658 se

25 717 28 776 g
122 719 209 779 quam
226 698 342 757 Caesari
363 695 503 757 Cassium
531 705 562 756 et
575 697 713 765 ¹Brutum
735 717 839 777 posset
858 690 961 756 Primo
983 697 1014 755 in
1040 696 1118 754 Tus-

121 795 263 854 culanum
282 795 417 874 lageran
440 794 523 862 inde,
538 795 722 853 transversis
738 794 910 867 itineribus,
929 795 960 852 in
983 793 1119 852 Formia-

123 912 203 964 num,
233 900 267 950 ut
295 892 332 951 ab
362 892 469 952 Caieta
500 912 608 951 navem
636 910 871 978 conscensurus,
900 890 1117 971 proficiscitur.

126 987 209 1048 Unde
233 988 397 1066 aliquoties
423 989 455 1047 in
483 988 578 1048 altum
608 997 790 1069 provectum
812 980 882 1047 cum
911 987 1004 1047 modo
1032 988 1118 1046 venti
1160 975 1168 1022 ἶ

108 1085 238 1170 'adversi
263 1085 465 1152 rettulissent,
493 1069 585 1144 ῐηοδο
605 1087 669 1166 ipse
684 1085 885 1165 jactationem
906 1085 1004 1157 navis,
1027 1093 1120 1143 caeco

108 1187 264 1242 ‘volvente
285 1183 393 1266 ssuctu.
413 1184 476 1263 pati
503 1203 563 1241 non
580 1189 693 1262 posset,
714 1183 840 1242 taedium
856 1181 979 1241 tandem
1001 1201 1072 1240 eum
1089 1187 1121 1242 et

107 1281 198 1357 'l'ugae
217 1288 248 1338 et
265 1281 335 1339 vitae
354 1281 451 1360 cepit;
480 1300 698 1359 regressusque
724 1279 761 1338 ad
789 1279 977 1360 superiorem
1001 1277 1118 1350 villam,

106 1390 187 1457 'quae
203 1375 296 1456 paulo
310 1376 384 1456 'plus
412 1376 492 1436 mille
517 1377 658 1456 passibus
684 1395 699 1435 a
728 1377 804 1435 mari
822 1377 909 1435 abest
928 1395 934 1437 :
958 1375 1118 1446 «Moriar,

120 1473 231 1552 inquit,
249 1474 280 1532 in
293 1475 389 1553 patria
407 1494 487 1556 saepe
504 1481 634 1546 servata.
660 1497 674 1528 »
700 1473 779 1532 Satis
795 1481 916 1534 constat
937 1493 1042 1532 servos
1057 1472 1120 1531 lor·

119 1571 191 1629 liter
216 1569 408 1650 fideliterque
436 1577 559 1650 paratos
583 1571 676 1630 luisse
704 1571 741 1628 ad
770 1570 997 1641 dimicandum
1018 1565 1118 1650 ipsum

103 1667 231 1747 'deponi
247 1666 399 1739 lecticam,
416 1676 447 1726 et
459 1693 472 1722 (ι
486 1668 612 1734 Quietos
628 1668 692 1747 pati
707 1668 789 1746 quod
806 1688 871 1726 sors
901 1667 1005 1746 iniqua
1029 1685 1121 1745 coge·

120 1773 166 1823 ret
182 1790 195 1819 »
223 1764 362 1844 jussisse.
381 1763 570 1823 Prominenti
584 1785 621 1822 ex
644 1764 762 1836 lectica,
780 1764 991 1844 praebentique
1010 1764 1119 1823 immo·
1175 1775 1179 1784 ’

120 1872 180 1920 tam
197 1861 347 1921 cervicem
368 1869 461 1942 caput
487 1862 649 1941 praecisum
679 1868 735 1920 est.
760 1861 823 1919 Nec
851 1861 924 1920 satis
950 1859 981 1919 id
999 1859 1119 1920 stolidas

102 1958 293 2018 'crudelitati
312 1958 458 2017 'militum
483 1958 552 2017 fuit.
590 1941 705 2016 Manus
745 1978 878 2038 quoque,
908 1958 1065 2038 scripsisse
1087 1958 1119 2016 in

120 2050 290 2107 Antonium
339 2049 571 2128 exprobrantes,
621 2052 838 2130 praeciderunt,
890 2054 946 2112 lta·
991 2055 1121 2116 relatum

116 2151 211 2222 caput
226 2141 264 2202 ad
292 2144 475 2218 Antonium,
503 2145 654 2225 jussuque
675 2167 741 2226 ejus
764 2146 845 2205 inter
859 2146 934 2206 duas
956 2167 1065 2210 manus
1086 2149 1119 2208 in

104 2252 106 2262 '
121 2239 240 2298 Rostris
254 2241 401 2320 positum,
417 2240 467 2300 ubi
479 2241 530 2299 ille
540 2243 657 2310 consul,
671 2243 723 2301 ubi
734 2264 814 2322 saepe
825 2245 1005 2319 consularis,
1019 2246 1070 2305 ubi
1082 2267 1119 2306 eo

120 2336 1118 2421 ipsoannoadversusAntoniumquantanullaumquamhumana

121 2455 179 2491 vox
218 2453 289 2492 cum
324 2433 527 2494 admiratione
555 2436 748 2516 eloquentiae
777 2438 900 2498 auditus
924 2439 1035 2499 luerat.
1058 2441 1118 2500 Via

117 2527 294 2590 attollentes
313 2551 375 2611 prae
397 2531 529 2590 lacrimis
548 2533 653 2591 oculos
677 2534 883 2594 homines't
836 2544 883 2594 1nt
884 2537 986 2595 uerit
974 2538 1118 2597 trucidati

116 2627 504 2712 membracivispoterant.
522 2629 630 2688 Vixitt
596 2638 679 2688 res
694 2633 1015 2709 etseragrnaanuos
1032 2642 1076 2707 ut,
1092 2635 1117 2694 si

116 2725 166 2780 vis
184 2723 341 2794 abluisset,
350 2725 505 2785 neimmat
508 2748 561 2786 ura
573 2727 695 2835 quidem
708 2748 790 2786 mors
803 2730 1018 2811 videripossit
1028 2731 1118 2808 Inge—
1168 2806 1170 2810 .

114 2820 202 2878 nium
221 2829 251 2879 et
263 2821 409 2900 operibus
424 2831 455 2882 et
480 2824 756 2904 praemiisoperum
785 2826 956 2907 felix·',1pse
985 2829 1117 2887 lortunae

112 2915 175 2974 diu
190 2937 354 2997 prospcrae,
368 2926 399 2979 et
412 2920 444 2978 in
456 2919 549 2999 longo
564 2928 672 2980 tenore
685 2922 841 2981 felicitatis
863 2925 981 3002 magnis
993 2925 1116 2984 interim

112 3013 198 3071 ictus
213 3015 403 3086 vulneribus,
418 3016 536 3090 exsilic,
556 3018 644 3077 ruina
659 3020 793 3098 partium
814 3041 869 3100 pro
894 3021 1006 3101 quibus
1025 3030 1118 3080 stete-

110 3116 177 3178 rat,
192 3111 259 3170 filiae
275 3113 359 3171 exitu
376 3121 438 3172 tam
454 3115 534 3174 tristi
553 3122 645 3194 atque
667 3117 788 3189 acerb0,
813 3119 949 3177 omnium
974 3119 1117 3179 adverso·

91 3209 271 3266 ·rumn1hrl
286 3218 320 3268 ut
343 3231 410 3270 vrro
423 3210 551 3290 drgnum
578 3220 642 3271 erat
672 3214 744 3272 tulit
760 3225 871 3293 praeter
885 3224 965 3275 mor
967 3235 1032 3276 em
1026 3239 1117 3297 ,quae

109 3323 190 3362 vere
201 3307 363 3366 aestimanti
378 3309 479 3367 minus
497 3309 621 3387 indigna
637 3311 734 3369 videri
750 3313 862 3391 potuit,
878 3314 984 3392 quoda
999 3314 1116 3374 victore

106 3401 242 3461 inimico
255 3404 296 3466 nil
312 3404 465 3464 crudelius
484 3427 591 3485 passus
609 3416 674 3466 erat
701 3430 791 3487 quam
806 3410 888 3488 quod
903 3411 1038 3490 ejusdem
1053 3413 1117 3470 lor-

105 3507 202 3558 tune
219 3521 343 3580 compos
358 3503 440 3561 victo
455 3503 588 3562 lecisset
604 3505 634 3562 Si
655 3506 724 3584 quis
739 3514 840 3564 tamen
860 3507 1025 3566 virtutibus
1039 3509 1116 3570 vitia

104 3596 264 3675 pensarit,
281 3599 328 3656 vir
345 3619 474 3677 magnus
490 3621 525 3658 ac
546 3601 752 3660 memorabilis
777 3603 835 3660 luit
851 3611 881 3661 et
899 3604 930 3661 in
945 3605 1034 3686 cujus
1050 3606 1116 3665 lau-

103 3693 176 3750 des
186 3696 389 3776 exsequendas
406 3696 554 3756 Cicerone
575 3697 734 3756 laudatore
749 3720 826 3780 opus
839 3701 939 3760 luerit.

524 3893 637 3943 ,-au
659 3921 692 3932 -
