2656 4258
530 154 566 216 ua'
588 180 632 216 rra
654 181 689 216 uu
711 143 827 216 sociari
847 179 866 215 Α
888 177 965 215 nonu

286 290 317 348 Si
340 297 442 348 tamen
466 290 541 348 haec
564 291 649 348 navis
672 297 764 372 uento
786 290 918 348 ferretur
937 287 1049 364 amico,
1090 357 1092 362 Ι

326 387 522 464 ignoraretur
544 387 674 445 forsitan
697 387 754 444 ista
775 385 878 444 fides¹

285 482 401 542 Thesea
423 483 580 542 Pirithous
603 503 664 560 non
687 491 749 542 tam
775 483 921 541 sensisset
942 482 1087 556 amicum,

327 580 358 638 Si
380 596 443 638 non
463 579 714 638 infernas-vivus
727 579 850 638 adisset
871 600 977 660 aquas,

286 676 410 736 Scilicet
431 685 466 736 ut
487 677 607 736 fulvum
632 685 788 756 spectatur
809 677 841 735 in
863 677 986 756 ignibus
1007 693 1129 748 aurum,

326 773 476 853 Tempore
499 774 543 832 sic
564 773 642 833 duro
664 781 710 832 est
731 774 921 855 inspicienda
943 773 1029 833 fides.

290 870 370 928 Dum
390 871 482 950 juvat
503 877 534 929 et
556 870 645 929 vultu
668 871 748 930 ridet
769 871 905 930 Fortuna
926 889 1044 942 sereno,

328 966 513 1026 indelibatas
535 976 647 1027 cuncta
669 976 842 1048 sequuntur
862 986 959 1047 opes:

286 1065 328 1122 At
351 1063 441 1125 simul
464 1064 612 1136 intonuit,
633 1061 771 1143 lugiunt,
795 1048 851 1124 nec
873 1063 1016 1122 noscitur
1031 1061 1094 1135 ulli,

327 1160 511 1237 Agmiuibus
534 1161 683 1220 comitum
706 1161 758 1242 qui
779 1161 871 1220 modo
890 1161 1012 1219 ‚cinctus
1033 1165 1108 1218 erat.

344 1467 425 1522 114.
447 1469 629 1524 comment
651 1481 697 1524 on
716 1468 792 1525 doit
811 1468 950 1525 choisir
969 1480 1031 1525 ses
1050 1467 1155 1524 amis.
1221 1441 1224 1448 .

473 1596 644 1678 (Quomodo
665 1597 807 1680 elipcndi
825 1597 890 1658 siut
910 1596 1026 1680 amici.)

181 1777 222 1840 3Θ
288 1773 320 1832 Si
336 1773 468 1852 aliquem
490 1773 622 1832 amicum
641 1774 807 1847 existimas
825 1775 874 1833 oui
892 1795 952 1833 non
973 1773 1165 1833 tantumdem
1187 1785 1254 1832 cre'-

240 1871 295 1929 'dis
310 1878 458 1950 quantum
471 1871 539 1940 tihi,
556 1871 757 1930 vehementer
771 1893 854 1930 erras
870 1878 902 1930 ct
918 1871 1068 1929 nonsatis
1087 1869 1169 1928 nosti
1188 1871 1253 1928 vim

249 1987 332 2026 verae
354 1967 509 2026 amicitiae.
532 1967 577 2026 Tu
597 1988 670 2026 vero
694 1969 796 2026 omnia
819 1989 889 2027 cum
913 1968 1011 2028 amico
1029 1967 1175 2039 delibera,
1197 1967 1253 2024 sed

248 2065 286 2123 de
306 2065 373 2143 ipso
388 2064 484 2143 prius
503 2064 577 2123 Post
596 2055 762 2123 amicitiam
779 2065 966 2124 credendum
981 2071 1043 2137 est;
1060 2072 1129 2122 ante
1144 2063 1255 2122 amici-

249 2161 321 2219 tiam
348 2161 570 2240 judicandum.
588 2161 642 2219 Isti
660 2182 733 2220 vero
747 2170 932 2240 praepostere
950 2162 1047 2220 officia
1064 2160 1253 2240 permiscent

243 2257 321 2336 qui,
339 2265 445 2316 contra
468 2265 621 2338 praecepta
641 2257 857 2338 Theophrasti,
882 2280 951 2317 cum
971 2247 1150 2317 amaverunt
1166 2242 1256 2336 judi-

247 2361 336 2426 cant,
352 2362 383 2413 et
398 2375 460 2414 non
482 2362 587 2414 amant
605 2375 674 2413 cum
691 2355 921 2434 judicaverunt.
943 2356 1003 2415 Diu
1020 2355 1121 2432 cogita
1137 2374 1176 2412 an
1193 2353 1253 2412 tihi

247 2451 279 2508 in
303 2451 470 2510 amicitiam
489 2439 601 2530 aliquis
620 2453 814 2530 recipiendus
828 2453 887 2513 sit:
910 2473 980 2510 cum
1002 2451 1153 2532 placuerit
1169 2451 1252 2520 fieri,

247 2555 314 2606 toto
330 2547 422 2606 illum
437 2543 562 2628 pectore
576 2547 719 2624 admitte;
740 2556 801 2607 tam
816 2539 1045 2625 audacterlc'u'm
1060 2548 1112 2606 illo
1123 2547 1255 2626 loquere

248 2665 337 2723 quam
357 2626 469 2704 tecum.
486 2645 530 2704 Tu
548 2644 678 2725 quidem
701 2645 743 2704 ita
758 2647 839 2718 vive,
857 2653 891 2704 ut
908 2647 984 2704 nihil
1000 2645 1055 2704 tihi
1076 2643 1254 2703 committas

203 2731 204 2734 ¹
249 2741 307 2799 nisi
323 2741 406 2820 quod
423 2742 615 2800 committere
635 2743 675 2800 eti
688 2763 735 2800 am
755 2743 880 2801 inimico
896 2749 949 2802 tuo
966 2740 1152 2822 possis-Sed
1166 2739 1254 2826 quia

248 2839 459 2896 interveniunt
476 2838 615 2917 quaedam
631 2838 699 2918 quae
723 2839 916 2898 consuetudo
938 2837 1011 2898 tacit
1035 2857 1156 2910 arcana,
1179 2857 1253 2895 cum

248 2935 346 2994 amico
364 2955 470 3013 omnes
488 2956 586 3008 curas,
604 2957 709 2994 omnes
729 2937 932 3013 cogitationes
952 2943 1020 2995 tuas
1039 2935 1144 2994 misce.
1161 2933 1185 2992 F
1187 2933 1254 2992 ide-

247 3033 307 3089 lem
323 3032 347 3090 si
361 3033 532 3111 putaveriS,
550 3033 656 3091 faciae.
674 3031 803 3098 Quidam
819 3033 886 3111 quae
903 3040 1022 3092 tantum
1042 3031 1148 3090 amicis
1166 3051 1252 3089 com-

250 3127 404 3187 mittenda
419 3135 502 3201 sunt,
518 3128 620 3187 obviis
635 3136 771 3198 narrant,
789 3136 819 3187 et
833 3131 864 3186 in
878 3128 1029 3209 quaslibet
1045 3148 1144 3200 aures,
1163 3127 1254 3208 quid-

249 3225 323 3304 quid
339 3226 407 3312 illos
423 3226 495 3298 urit,
517 3231 698 3298 exonerant,
717 3227 841 3305 quidam
855 3247 961 3284 rursus
975 3227 1067 3284 etiam
1079 3225 1254 3284 carissimo-

249 3342 316 3379 rum
346 3322 569 3381 conscientiam
599 3323 813 3396 reformidant,
841 3331 882 3397 et,
910 3323 935 3380 si
963 3327 1099 3402 possent,
1128 3342 1167 3380 ue
1193 3321 1253 3379 sibi

251 3419 375 3497 quidem
396 3419 555 3492 credituri,
572 3419 701 3490 interius
721 3427 867 3498 premunt
883 3440 972 3478 omne
991 3427 1154 3478 secretum.
1168 3419 1254 3477 Neu-

252 3524 333 3573 trum
350 3515 525 3574 t'acieudum
537 3523 584 3574 est
601 3536 607 3576 1
625 3523 789 3596 utrumque
806 3517 887 3574 enim
906 3517 1015 3575 vitium
1032 3522 1088 3588 est,
1107 3523 1140 3574 et
1152 3517 1254 3574 omni-

250 3611 306 3670 hus
338 3610 474 3684 credere,
507 3619 537 3671 et
572 3613 663 3686 nulli;
694 3611 748 3671 sed
776 3612 906 3672 alterum
936 3613 1094 3672 honestius
1120 3612 1252 3671 dixerim

250 3708 370 3778 vitium,
386 3708 513 3767 alterum
532 3710 640 3768 tutius,

679 3853 819 3948 -ao-
