2682 4258
350 159 434 216 401.
454 161 531 217 Une
550 158 692 217 lecture
711 159 735 216 a
753 161 874 215 Rome.

302 327 307 340 ἱ
360 255 417 334 (De
439 253 589 316 Romanis
609 253 869 336 recitationibus.)

155 386 467 464 Indignatiunculam,
492 409 584 467 quam
605 388 637 446 in
661 387 822 468 cujusdam
847 387 937 447 amici
960 386 1113 446 auditorio
1127 383 1188 441 Rb.

118 483 194 562 cepi,
215 503 277 542 non
300 505 424 563 possum
446 485 522 543 mihi
544 479 715 564 temperare
735 485 900 564 quominus
920 483 957 543 ad
977 490 1019 559 te,
1043 483 1114 562 quia

119 600 177 638 non
192 581 319 658 contigit
332 601 446 654 coram,
464 602 518 659 per
539 582 702 660 epistulam
723 581 887 640 effundam.
914 575 1118 640 Recitabatur

119 676 194 736 liber
203 677 449 737 absolutissimus
464 697 471 738 :
493 679 577 743 hunc
590 678 653 737 duo
673 684 728 738 aut
747 684 821 750 treS,
837 686 872 737 ut
889 677 946 736 sibi
965 685 996 736 et
1008 677 1117 756 paucis

118 773 270 846 videntur,
288 775 404 846 diserti,
419 774 518 860 surdis
538 776 693 854 mutisque
713 775 838 848 similes,
853 774 1030 834 audiebant.
1049 774 1119 832 Non

117 870 200 930 labra
222 871 419 943 diduxerunt,
446 893 517 935 non
535 880 700 949 moverunt
728 893 863 944 manum,
895 892 957 930 non
984 870 1119 950 denique

118 977 360 1039 assurrexerunt,
398 969 504 1028 saltem
540 968 721 1028 lassitudine
754 969 892 1028 sedendi.
924 968 999 1035 Quae
1029 975 1118 1027 tanta

118 1063 275 1141 gravitas?
289 1065 362 1132 Quae
379 1073 464 1124 tanta
486 1066 662 1145 sapientia?
679 1066 754 1133 Quae
773 1055 1021 1144 immopigritia,
1036 1084 1122 1123 arro-

118 1161 231 1239 gantia,
247 1162 439 1232 sinisteritas,
458 1183 493 1222 ac
505 1163 609 1242 potius
631 1163 776 1235 amentia,
795 1163 827 1220 in
843 1162 901 1221 boc
920 1168 1021 1221 totum
1036 1160 1120 1219 diem

117 1257 305 1338 impendere,
324 1266 359 1318 ut
375 1259 521 1332 ollendaS,
541 1267 576 1319 ut
597 1260 757 1319 inimicum
779 1259 945 1339 relinquaS,
969 1259 1122 1338 adquam

117 1363 275 1434 tamquam
298 1356 500 1416 amicissimus
525 1357 671 1414 veneris?
696 1357 847 1416 Disertior
868 1357 933 1436 ipse
953 1357 1012 1415 es?
1032 1360 1124 1414 tanto

118 1454 215 1530 magis
230 1473 269 1510 ne
284 1452 432 1512 invideris
449 1472 456 1513 ι
473 1473 543 1512 nam
563 1452 616 1532 qui
633 1453 763 1520 invidet,
778 1453 879 1511 minor
892 1460 948 1511 est.
966 1451 1123 1530 Denique,

119 1549 183 1608 sive
194 1549 275 1628 pluS,
288 1549 352 1608 sive
366 1550 478 1622 minuS,
492 1550 557 1608 sive
571 1549 653 1608 idem
669 1556 807 1630 praestas
824 1549 915 1608 lauda
930 1548 978 1608 vel
994 1547 1124 1606 interio-

118 1667 181 1704 rem
208 1647 258 1705 vel
282 1647 471 1725 superiorem
489 1646 537 1705 vel
565 1665 697 1726 parem:
726 1646 926 1726 superiorem,
950 1645 1032 1725 quia,
1059 1643 1123 1702 nisi

118 1742 292 1802 laudandus
309 1743 359 1802 ille
375 1751 431 1814 est,
449 1765 510 1802 non
528 1750 616 1822 potes
636 1743 700 1822 ipse
722 1743 854 1812 laudari;
873 1743 1051 1801 interiorem
1067 1747 1126 1800 aut

117 1861 234 1920 parem,
263 1840 334 1920 quia
360 1840 494 1920 pertinet
512 1841 550 1898 ad
572 1846 657 1899 tuam
683 1839 810 1919 gloriam
836 1861 928 1918 quam
952 1838 1124 1897 maximum

118 1938 216 1997 videri
239 1957 330 2017 quem
351 1937 500 2017 praecedis
520 1936 569 1996 vel
587 1957 739 2016 exaequas.
765 1936 915 2016 Equidem
937 1956 1043 1994 omnes
1068 1933 1125 2014 qui

119 2034 235 2114 aliquid
251 2035 283 2092 in
298 2034 408 2092 studiis
427 2034 544 2093 faciunt
564 2034 703 2092 venerari
724 2033 816 2092 etiam
837 2033 1003 2114 mirarique
1023 2031 1125 2091 soleo.

119 2131 174 2190 Est
210 2131 293 2190 enim
315 2152 363 2189 res
385 2131 529 2202 difficilis,
555 2131 661 2202 ardua,
686 2131 855 2202 fastidiosa,
880 2138 910 2188 et
933 2150 1002 2210 quae
1027 2149 1079 2189 eos
1104 2148 1124 2187 a

118 2227 233 2308 quibus
253 2228 463 2287 contemnitur
486 2227 617 2286 invicem
638 2234 826 2286 contemnat.
851 2226 917 2285 Nisi
939 2225 1018 2285 forte
1037 2225 1126 2284 aliud

115 2325 239 2406 judicas
254 2330 289 2383 tu
306 2344 312 2384 :
329 2345 515 2404 quamquam
530 2324 599 2404 quis
612 2345 673 2382 uno
688 2330 719 2382 te
734 2324 923 2388 reverentior
943 2323 1035 2403 hujus
1051 2341 1128 2402 ope-

117 2421 173 2496 ris,
191 2422 259 2502 quis
274 2419 437 2500 benignior
452 2421 645 2480 aestimator?

184 2572 270 2630 402.
291 2573 323 2630 A
346 2583 439 2628 ceux
458 2570 519 2638 qui
538 2569 712 2628 n'aiment
730 2584 801 2640 pas
820 2571 877 2627 les
895 2571 1059 2628 lecturos

520 2658 723 2728 puhliques.

278 2755 326 2836 (ln
349 2754 419 2816 illos
441 2754 500 2836 qui
518 2753 715 2814 recitationes
737 2757 970 2836 aspernantur.)

162 2889 310 2966 Magnum
331 2895 516 2968 proventum
536 2895 697 2967 poetarum
719 2908 818 2947 annus
842 2887 892 2946 hic
915 2886 1030 2946 attulit.
1046 2886 1126 2946 Toto
1152 2887 1194 2950 2⁶

118 3007 226 3045 mense
251 2985 350 3065 Aprili
372 2985 476 3043 nullus
500 2984 563 3042 lere
587 2985 651 3042 dies
673 3005 735 3064 quo
759 3004 821 3043 non
840 2985 984 3044 recitaret
1002 2983 1124 3064 aliquis.
1180 3057 1182 3071 .

117 3084 217 3143 Juvat
232 3103 279 3140 me
295 3083 377 3161 quod
398 3082 503 3158 vigent
520 3081 632 3152 studia,
653 3082 818 3160 proferunt
838 3103 869 3140 se
888 3082 1012 3158 ingenia
1028 3081 1127 3140 homi-

118 3201 197 3240 num
220 3186 251 3238 et
274 3182 440 3249 ostentant,
473 3178 596 3236 tametsi
622 3177 660 3236 ad
687 3178 876 3237 audiendum
904 3178 988 3258 pigre
1012 3178 1123 3236 coitur.

119 3277 267 3356 Plerique
282 3275 314 3333 in
332 3275 515 3334 stationibus
534 3275 642 3333 sedent
656 3275 840 3355 tempusque
852 3275 998 3333 audiendi
1013 3274 1126 3333 fabulis
1211 3299 1213 3305 ·

120 3379 301 3444 conterunt,
323 3393 358 3431 ac
382 3371 511 3431 subinde
526 3371 584 3429 sibi
609 3372 744 3430 nuntiari
752 3371 865 3451 jubent
879 3393 917 3430 an
939 3372 1003 3451 jam
1019 3372 1127 3430 recita-

119 3480 174 3531 tor
185 3469 358 3542 intraverit,
375 3490 413 3527 an
431 3468 543 3526 dixerit
561 3469 784 3548 praetationem,
800 3489 838 3527 an
858 3489 894 3526 ex
917 3489 1027 3546 magna
1041 3476 1127 3549 parte

66 3594 72 3606 ·
118 3552 275 3628 evolverit
286 3565 397 3625 librum
412 3584 418 3625 :
439 3573 513 3624 tunc
523 3565 658 3639 demum,
671 3587 706 3624 ac
716 3571 791 3624 tunc
802 3587 925 3647 quoque
938 3565 1019 3624 lente
1032 3586 1129 3624 cunc·

117 3671 287 3744 tanterque
304 3663 453 3736 veniunt;
473 3683 528 3721 nec
546 3670 648 3720 tamen
667 3670 858 3742 permanent,
876 3662 928 3721 sed
950 3671 1020 3722 ante
1033 3663 1128 3721 finem

116 3761 284 3835 recedunt,
302 3759 354 3820 alii
375 3760 604 3818 dissimulanter
628 3766 658 3818 et
679 3759 796 3834 furtim,
818 3759 870 3819 alii
891 3760 1071 3840 simpliciter
1095 3766 1132 3818 et

207 3858 250 3902 Via
256 3857 337 3912 priate
350 3856 387 3899 cles
398 3857 517 3899 Roinains.
1023 3856 1048 3896 19

546 3911 703 3963 -289-
