2682 4258
141 224 226 288 408.
242 227 348 286 saint
362 209 508 286 serame
520 229 604 298 jure
617 228 661 283 de
675 228 815 296 neptus
829 227 898 283 lire
917 227 972 283 les
986 227 1140 326 auteurs

129 332 134 338 ’
567 317 709 385 paiens.

129 411 288 494 (Sanctus
304 411 517 494 Hieronymus
525 410 618 494 jurat
630 421 694 472 sese
710 431 771 470 non
779 410 851 492 jam
866 408 985 471 codices
1001 409 1141 470 saecula-

516 529 565 569 res
588 508 765 588 lecturum)

129 633 136 700 ¹.
181 642 277 722 Miser
297 662 354 720 ego
377 639 513 701 lecturus
537 640 701 700 Τ1111111111
689 637 881 721 Jej.unabam
906 639 981 699 Post
1003 641 1139 698 noctium
1167 634 1210 700 2⁰

140 717 264 797 crebras
288 738 419 816 vigilias,
442 745 512 818 post
535 737 685 808 lacrimas
708 758 784 818 quas
812 736 887 795 mihi
911 737 1139 816 praeteritorum

130 829 313 894 'recordatio
328 843 434 915 peccat
436 855 523 894 orum
539 855 576 892 ex
591 834 660 892 imis
674 834 844 892 visceribus
859 834 994 906 eruebat,
1012 833 1141 912 Plautus

134 929 320 1014 *sumebatur
334 931 365 989 in
381 952 500 992 manus.
522 931 554 990 Si
573 931 696 1011 quando
717 931 747 988 in
763 930 978 1010 memetipsum
999 949 1141 1008 reversus

140 1027 311 1108 Prophetas
322 1030 421 1108 legere
436 1028 616 1108 coepissem,
633 1047 733 1085 sermo
746 1027 888 1086 horrebat
897 1027 1042 1088 incultus.
1057 1028 1139 1086 Dum

139 1122 182 1183 ita
198 1143 247 1182 me
262 1132 315 1183 an
316 1145 408 1204 rquus
436 1145 561 1204 serpens
581 1124 739 1197 illudebat,
757 1123 900 1183 medullis
928 1124 1029 1208 infusa
1046 1123 1141 1180 febris

139 1241 253 1300 corpus
267 1219 381 1280 invasit
395 1221 588 1292 exhaustum,
606 1228 634 1280 et
655 1221 721 1280 sine
737 1221 797 1280 ulla
814 1221 919 1300 requie
941 1220 985 1278 sie
1004 1219 1140 1278 infelicia

139 1317 277 1376 membra
293 1317 418 1396 depasta
433 1325 481 1376 est
495 1324 529 1377 ut
544 1317 664 1376 ossibus
688 1318 739 1376 vix
762 1318 920 1376 haererem.
938 1317 1016 1375 Tum
1037 1301 1141 1374 subito

139 1418 247 1494 raptus
261 1413 294 1472 in-
308 1413 418 1494 spiritu
434 1414 471 1473 ad
486 1413 620 1474 tribunal
647 1413 765 1473 iudicis
781 1422 848 1494 pert
837 1415 951 1474 t.rahor
969 1415 1127 1490 Interroga
1128 1448 1142 1457 -

140 1517 189 1570 tus
205 1511 243 1570 de
267 1511 460 1583 condicione,
478 1511 688 1570 Christianum
714 1531 763 1570 me
783 1532 848 1570 esse
864 1511 1019 1591 respondi.
1037 1511 1075 1568 Et
1088 1510 1141 1568 ille

140 1607 192 1686 qui
215 1607 424 1687 praesidebat:
443 1631 457 1662 «
488 1607 641 1681 Mentiris,
671 1608 725 1682 ait,
755 1607 975 1667 Ciceronianus
1004 1628 1046 1680 es,
1077 1627 1139 1664 non

140 1703 353 1775 Christianus3
371 1703 424 1762 ubi
438 1703 518 1762 enim
541 1705 703 1762 thesaurus
718 1711 800 1776 tuus,
817 1702 860 1762 ibi
882 1711 913 1762 et
926 1725 980 1762 cor
1003 1712 1102 1762 tuum.
1123 1727 1139 1756 s
1202 1775 1204 1782 λ

140 1799 233 1858 lllico
251 1800 403 1872 obmutui,
425 1805 456 1858 et
474 1800 555 1859 inter
576 1801 702 1859 verbera
724 1800 807 1880 (nam
828 1799 973 1881 caediume
990 1800 1140 1880 jusserat)
1198 1811 1201 1819 ²

139 1895 338 1956 eonscientiae
360 1893 457 1974 magis
472 1897 542 1974 igne
556 1897 735 1976 torquebar.
761 1896 901 1957 Clamare
921 1904 1024 1955 tamen
1045 1897 1138 1976 coepi,

102 1979 103 1982 ¹
139 2001 170 2052 et
188 1992 308 2072 ejulans
337 1993 461 2052 dicere:
494 2018 508 2049 1
539 1993 686 2052 Miserere
719 1994 789 2067 mei,
813 1991 964 2067 Domine,
995 1993 1141 2052 miserere

138 2089 210 2150 mei.
229 2113 244 2144 n
262 2090 337 2148 Haec
352 2110 412 2148 vox
426 2089 507 2149 inter
521 2091 640 2168 flagella
660 2091 832 2149 resonabat.
850 2091 985 2149 Tandem
1002 2091 1040 2150 ad
1061 2090 1143 2149 Praess

138 2186 267 2245 sidentis
295 2205 393 2264 genua
420 2187 578 2265 provoluti
602 2186 654 2267 qui
683 2186 846 2247 adstabant
873 2188 1079 2267 precabantur
1107 2193 1144 2246 ut

139 2283 259 2341 veniam
288 2282 436 2341 tribueret
463 2283 690 2356 adulescentiae,
713 2291 876 2343 exacturus
898 2281 1143 2343 deindecrucia-¹
1174 2357 1175 2360 Ἴ

140 2387 216 2452 tum,
233 2380 258 2437 si
286 2377 455 2438 Gentilium
471 2379 641 2438 litterarum
669 2380 764 2440 libros
793 2381 958 2461 aliquando
987 2381 1141 2458 legissem.

139 2475 292 2554 Egovero
312 2476 448 2555 dejerare
470 2475 557 2555 coepi
574 2483 605 2534 et
619 2497 731 2535 nomen
753 2477 820 2557 ejus
840 2478 997 2536 obtestans
1013 2478 1140 2538 dicere:

139 2597 153 2628 «
170 2572 314 2640 Domine,
327 2573 352 2630 si
361 2592 507 2653 umquam
522 2572 657 2643 habuero
668 2573 790 2632 codices
799 2575 972 2649 saeculares,
983 2575 1009 2632 si
1023 2571 1139 2652 legero,

139 2652 340 2747 mmmm»

136 2798 539 2876 409.L’amenuma1ne
559 2817 692 2877 s'e'leve
711 2833 783 2889 par
801 2821 841 2876 la
855 2821 1143 2889 contemplation

443 2908 508 2963 des
527 2908 660 2964 choses
680 2908 834 2964 divinas.

136 2987 247 3074 (Suh'l
235 2992 328 3053 imior
343 2993 396 3074 fit
395 3015 479 3054 mens
503 2995 641 3055 humana
666 3017 737 3054 cum
752 2993 859 3056 divina
883 2996 1140 3076 contemplatur.)

178 3125 261 3184 Cum
272 3126 325 3184 le
317 3147 348 3184 m
363 3125 413 3185 1lla
441 3147 513 3186 vere
542 3147 651 3204 magna
680 3101 851 3202 sustuleriS,
869 3128 991 3207 quoties
1020 3126 1141 3187 videbis
1168 3127 1211 3189 2⁶

134 3221 290 3282 exercitus
306 3222 438 3281 subrect
417 3231 455 3281 trs
471 3223 514 3282 ire
529 3223 659 3297 vexillis,
676 3224 785 3282 libebit
800 3225 925 3284 dicere:

257 3317 288 3378 It
277 3315 429 3402 tniprum
450 3317 708 3400 campisaqmen

137 3415 346 3475 Formicarum
373 3416 430 3474 iste
450 3417 606 3476 discursus
626 3425 673 3476 est
700 3417 731 3476 in
760 3425 891 3495 angusto
919 3416 1142 3482 laborantium.

136 3511 219 3579 Quid
233 3511 293 3572 illis
308 3519 338 3570 et
352 3512 442 3572 nobis
457 3513 585 3573 interest
601 3513 658 3572 nisi
670 3514 773 3591 exigui
784 3535 927 3573 mensura
943 3515 1145 3594 corpusculi?

136 3608 291 3667 Punctum
307 3617 354 3668 est
366 3609 460 3681 istud,
482 3610 513 3667 in
533 3631 595 3689 quo
610 3611 774 3688 navigatis,
805 3611 836 3668 in
865 3631 927 3690 quo
956 3611 1087 3686 bell-atis,
1108 3613 1141 3670 in

135 3722 307 3784 quoregna
329 3706 504 3786 disponitis
531 3707 667 3778 minima,
685 3707 777 3766 etiam
793 3729 863 3766 cum
892 3708 953 3766 illis
982 3710 1143 3791 utrimque

136 3822 272 3862 oceanus
292 3804 450 3863 occurrit:
468 3824 589 3862 sursum
609 3804 747 3881 ingentia
770 3805 877 3884 spatia·
898 3813 980 3878 sunt,
1012 3805 1042 3864 in
1062 3827 1146 3885 quo-

557 3941 600 3975 -’
611 3938 660 3988 ⁶295
682 3967 715 3974 -
