2670 4252
410 201 469 259 82.
488 205 545 259 Un
565 208 624 260 sot
643 155 772 290 rictia-

349 304 405 386 (De
426 305 521 365 stulto
542 305 679 387 quodam
701 303 820 386 divite.)

120 461 276 523 Calvisius
296 465 427 525 Sabinus
448 465 596 524 memoria
618 473 722 524 nostra
740 464 800 524 suit
819 463 924 522 dives:
942 471 973 522 et
989 462 1086 543 patri·
1098 465 1152 520 nh.

80 560 222 620 monium
244 560 377 620 habebat
398 561 544 634 libertini,
571 567 601 620 et
625 561 794 638 ingenium.
821 561 997 640 Numquam
1022 557 1086 616 vidi

83 653 243 715 hominem
268 657 392 717 beatum
413 658 616 717 indecentius,
643 658 722 718 Huic
741 656 888 716 memoria
917 663 980 716 tam
1010 654 1089 732 mala

82 759 159 824 erat,
176 759 211 812 nt
225 753 270 811 illi
281 774 394 812 nornen
411 754 503 814 modo
520 754 637 834 Ulyssis
655 754 821 827 excideret,
838 753 930 813 modo
945 752 1087 824 Achillis,

82 848 175 907 modo
196 849 319 909 Priami.
341 851 549 910 Nihilominus
564 851 704 910 eruditus
725 850 850 910 volebat
868 849 978 909 videri.
1001 849 1090 907 Hanc

82 945 187 1026 itaque
213 948 475 1026 compendiariam
497 948 707 1027 excogitavit:
736 967 845 1024 magna
871 966 990 1007 summa
1014 943 1091 1003 emit

82 1063 201 1115 servos,
224 1064 321 1102 unum
338 1044 392 1124 qui
413 1044 583 1104 Homerum
601 1051 731 1116 teneret,
755 1044 884 1104 alterum
904 1044 957 1123 qui
981 1041 1090 1101 Hesio·

84 1139 172 1212 dum;
192 1160 306 1198 novem
321 1147 469 1220 praeterea
488 1141 603 1221 lyricis
623 1141 760 1219 singulos
778 1139 957 1218 assignavit.
975 1140 1091 1216 Magno

83 1236 194 1294 emisse
210 1236 296 1296 illum
312 1257 375 1296 non
391 1244 437 1297 est
449 1237 533 1317 quod
547 1238 666 1296 mireris
684 1256 690 1297 :
711 1258 772 1295 non
787 1238 957 1308 invenerat,
975 1236 1092 1294 sacien-

83 1333 138 1391 dos
163 1333 291 1393 locavit.
324 1334 492 1415 Postquam
520 1335 586 1393 haec
612 1335 727 1393 familia
757 1334 799 1393 illi
826 1339 1003 1414 comparata
1031 1338 1089 1404 est,

83 1430 179 1508 coepit
194 1431 343 1488 convivas
362 1451 434 1490 suos
451 1431 636 1511 inquietare.
661 1431 803 1490 Habebat
819 1430 857 1490 ad
880 1429 972 1509 pedes
990 1429 1058 1500 hos,
1074 1448 1091 1486 a

83 1525 197 1604 quibus
214 1526 345 1585 subinde
361 1547 431 1586 cum
449 1522 568 1608 peteret
586 1549 692 1586 versus
711 1548 789 1606 quos
807 1527 945 1595 referret,
965 1545 1046 1606 saepe
1059 1525 1092 1583 in

85 1622 187 1680 medio
219 1623 316 1682 verbo
338 1609 510 1684 excidebat.
541 1625 645 1685 Suasit
666 1623 708 1682 illi
736 1624 880 1682 Satellius
903 1622 1088 1693 Quadratus,

83 1719 250 1778 stultorum
273 1720 405 1779 divitum
425 1742 556 1793 arrosor,
577 1728 607 1780 et
629 1721 724 1800 (quod
742 1722 891 1799 sequitur)
913 1720 1037 1792 amison,
1061 1725 1092 1776 et

83 1815 181 1895 (quod
196 1815 319 1876 duobus
336 1817 384 1876 his
402 1818 584 1898 adjunctum
605 1819 663 1896 est)
680 1817 807 1887 derisor,
821 1824 856 1875 ut
876 1816 1093 1894 grammaticos

85 1913 213 1972 baberet
233 1914 399 1973 analectas
423 1915 501 1974 Cum
522 1914 649 1972 dixisset
665 1915 798 1973 Sabinus
815 1913 953 1972 centenis
968 1911 1092 1971 milibus

83 2009 141 2067 sibi
165 2017 308 2069 constare
330 2011 467 2088 singulos
483 2030 609 2071 servos:
633 2035 647 2065 u
672 2011 813 2083 Minoris,
830 2009 942 2089 inquit,
962 2008 1090 2068 totidem

83 2107 196 2165 serinia
215 2107 360 2167 emisses!
383 2133 395 2162 n
418 2107 502 2166 ldem
528 2107 671 2166 Satellius
693 2107 778 2166 illum
800 2107 917 2165 hortari
939 2105 1034 2184 coepit
1058 2110 1094 2164 ut

83 2203 266 2276 luctaretur,
297 2204 453 2263 hominem
483 2226 610 2283 aegrum,
636 2203 795 2283 pallidum,
829 2203 984 2280 gracilem.
1013 2201 1092 2261 Cum

83 2299 219 2358 Sabinus
233 2300 443 2378 respondisset
457 2320 463 2360 :
481 2325 494 2356 u
513 2302 551 2360 Et
566 2301 722 2381 quomodo
733 2321 859 2381 possum
870 2299 954 2360 ?Vix
966 2300 1057 2358 vivo!
1075 2323 1091 2354 u

83 2433 121 2440 —
133 2422 149 2451 u
166 2396 248 2469 Noli,
262 2397 390 2456 obsecro
403 2405 444 2470 te,
457 2399 569 2478 inquit,
584 2397 667 2456 istud
685 2397 786 2458 dicere
800 2401 806 2458 l
822 2418 883 2458 non
898 2396 985 2456 vides
1000 2416 1092 2476 quam

84 2492 201 2552 multos
215 2512 321 2551 servos
336 2493 563 2553 valentissimos
581 2493 721 2554 habeas?
740 2519 754 2550 »

83 2749 144 2806 83.
162 2750 219 2805 En
238 2749 373 2806 faveur
396 2750 440 2806 de
468 2751 507 2806 la
530 2749 580 2806 lot
604 2749 665 2818 qul
688 2750 925 2809 condamnait
949 2751 974 2806 a
995 2749 1092 2806 mort

117 2836 546 2894 touslesesclavesd’un
556 2836 927 2907 mauretueparrun
937 2838 1054 2893 d’eux.

85 2949 236 3028 (Senator
257 2970 325 3008 eam
346 2949 445 3030 legem
467 2950 608 3030 defendit
629 2972 690 3031 qua
711 2971 816 3010 omnes
836 2949 919 3009 servi
936 2947 1091 3009 dominia

122 3044 269 3127 quotibet
287 3067 347 3106 uno
360 3067 398 3107 er
413 3046 488 3126 ipsis
505 3045 666 3127 interfecti
679 3046 779 3128 capite
792 3045 1049 3126 damnabantur.)

125 3229 141 3259 α
167 3204 331 3263 Decernite
348 3205 575 3284 impunitatem,
593 3213 627 3264 ut
647 3227 736 3286 quem
757 3206 891 3285 dignitas
912 3227 965 3264 sua
984 3206 1089 3264 desen·
1116 3215 1157 3280 2⁶

72 3301 148 3375 dat,
167 3321 238 3359 cum
258 3302 440 3379 praefectura
463 3302 553 3360 Urbis
574 3302 710 3361 Pedanio
728 3323 790 3361 non
803 3303 976 3382 profuerit?
997 3324 1089 3382 quem

8 3459 9 3466 ,
81 3418 236 3456 numerus
261 3418 419 3456 servorum
441 3405 575 3467 tueatur,
597 3419 666 3457 cum
686 3399 771 3457 illum
790 3399 1008 3479 quadringenti
1027 3419 1089 3458 non

8 3527 10 3554 z
80 3493 305 3574 protexerint?
318 3495 367 3554 cui
383 3495 497 3554 familia
515 3515 604 3574 opem
627 3497 716 3567 ferat,
735 3517 803 3574 quae
820 3516 856 3553 ne
872 3496 904 3552 in
920 3503 1004 3554 metu
1022 3497 1090 3575 qui-

8 3573 10 3600 l
79 3591 155 3650 dem
175 3590 311 3669 pericula
330 3598 433 3650 nostra
444 3591 578 3650 advertit
590 3595 603 3650 ἱ)
614 3595 673 3662 An,
697 3600 731 3650 ut
750 3592 874 3672 quidam
887 3593 1012 3671 'fingere
1026 3612 1088 3651 non

78 3688 286 3758 erubescunt,
313 3687 442 3766 injurias
464 3707 534 3745 suas
561 3688 644 3746 ultus
664 3696 710 3746 est
738 3689 927 3760 interlector,
949 3692 1020 3769 quia
1050 3688 1088 3746 de

80 3793 218 3864 paterna
234 3783 360 3860 pecunia
375 3791 574 3862 transegerat,
587 3792 641 3843 aut
653 3769 771 3842 avitum
785 3787 973 3865 mancipium
990 3785 1089 3843 detra-

516 3945 655 3994 ,257-
