2656 4258
118 182 200 238 100.
223 182 419 238 L'honnete
439 183 578 238 homme
603 194 651 237 au
674 181 737 236 111e
758 178 869 235 siecle
889 179 1006 234 avant
1024 178 1113 234 J.·c.

115 351 124 358 .
160 303 220 384 (De
242 303 357 385 optimo
379 303 514 384 quodam
536 303 601 363 uiro
624 301 714 364 tertio
734 309 805 362 ante
825 299 910 362 J.-C.
933 299 1069 380 saeculo.)
1120 328 1125 350 ›

156 463 231 522 Erat
248 464 279 521 in
299 463 334 531 Q.
353 464 447 522 Fabio
462 465 607 523 comitate
623 464 746 522 condita
760 463 906 541 gravitas,
923 459 1113 520 humanitate
1140 462 1180 526 2³

114 543 287 638 temperata
302 560 467 633 sortitud03
485 582 541 620 nec
560 568 701 620 senectus
716 581 816 622 mores
829 565 1011 618 mutaverat.
1029 554 1118 615 Bella.

114 656 243 736 gerebat
258 664 292 716 ut
307 658 497 730 adulescens,
513 679 582 717 cum
600 658 690 738 plane
702 657 826 735 grandis
842 663 931 726 esset,
949 662 979 714 et
995 652 1120 740 Hanni·¹

113 745 216 812 balem
245 753 424 832 juveniliter
452 754 655 813 exsultantem
682 755 829 834 patientia
856 774 911 812 sua
939 749 1122 836 molliebat;¹

115 847 154 906 de
175 870 238 930 quo
253 851 396 930 praeclare
410 850 568 910 familiaris
583 859 688 910 noster
703 851 819 910 Ennius
837 869 843 912 2

158 971 172 1000 «
199 945 286 1006 Unus
308 947 401 1006 homo
423 947 513 1006 nobis
535 948 709 1006 cunctando
731 948 869 1007 restituit
889 967 964 1006 rem.

157 1043 225 1102 Non
248 1045 331 1102 enim
353 1066 491 1104 rumores
513 1045 648 1124 ponebat
668 1053 738 1104 ante
759 1045 914 1104 salutem:

157 1140 237 1218 Ergo
260 1141 395 1221 olimque
417 1142 576 1221 magisque
599 1143 658 1200 viri
680 1163 762 1222 nunc
784 1141 881 1221 gloria
902 1141 1007 1200 claret.
1032 1164 1047 1195 u

113 1235 284 1296 Tarentum
303 1259 377 1297 vero
394 1260 454 1318 qua
476 1239 644 1317 vigilantia,
662 1260 723 1319 quo
742 1239 871 1298 consilio
890 1237 1025 1317 recepitl
1044 1255 1132 1312 cum*

113 1334 254 1414 quidem,
268 1356 316 1393 me
329 1335 482 1409 audiente,
503 1337 666 1395 Salinatori
680 1337 743 1417 qui,
760 1336 871 1394 amisso
889 1334 1015 1413 oppidu,
1031 1333 1117 1410 fuge-

113 1438 164 1489 rat
184 1431 217 1489 in
242 1453 354 1502 arcem,
378 1433 521 1511 glorianti
544 1441 635 1512 atque
660 1434 702 1492 ita
723 1432 862 1492 dicenti:
888 1457 902 1486 «
920 1431 989 1490 Mea
1011 1450 1114 1510 opera,

113 1529 152 1595 Q.
171 1528 258 1603 Fabi,
279 1529 445 1588 Tarentum
462 1530 603 1609 recepisti
621 1555 683 1585 »-
702 1549 709 1590 ε
733 1555 746 1584 «
767 1529 867 1602 Certe,
885 1529 986 1608 inquit
1000 1521 1114 1598 rideris,

113 1646 187 1684 nam
208 1625 267 1684 nisi
289 1633 322 1684 tu
343 1618 505 1698 amisisses
526 1648 691 1707 numquam
713 1627 939 1706 recepissem.»
961 1625 1024 1683 Nec
1043 1644 1117 1681 vero

107 1723 146 1780 in
162 1723 263 1805 armis
275 1724 472 1803 praestantior
490 1745 581 1803 quam
603 1725 632 1782 in
653 1732 734 1802 toga,
753 1724 805 1803 qui
826 1744 895 1782 cum
916 1729 995 1781 esset
1007 1741 1115 1799 augur,

111 1820 220 1878 dicere
242 1841 334 1878 ausus
354 1827 428 1878 est«
446 1821 571 1900 optimis
587 1821 731 1900 auspiciis
751 1841 785 1879 ea
803 1817 877 1898 geri,
895 1840 962 1898 quae
983 1839 1038 1897 pro
1058 1817 1118 1874 rei·
1196 1813 1197 1817 ’

111 1915 248 1997 publicae
271 1918 369 1976 salute
389 1925 582 1996 gererentur;
604 1939 671 1998 quac
695 1924 802 1976 contra
819 1915 1039 1995 rempublicam
1060 1915 1119 1972 l'er-

112 2019 235 2086 rentur,
255 2023 361 2072 contra
377 2015 513 2094 auspicia
531 2015 602 2073 ferri
622 2041 648 2075 u.
665 2016 727 2073 Nec
741 2035 814 2073 vero
827 2013 877 2072 ille
895 2013 925 2070 in
943 2013 1010 2071 luco
1026 2011 1118 2069 modo
1195 2086 1202 2104 Χ

112 2118 210 2190 atque
228 2110 259 2168 in
280 2111 377 2169 oculis
392 2113 507 2170 civium
527 2131 672 2189 magnus3
693 2111 745 2170 sed
764 2112 846 2170 intus
864 2109 1009 2190 domique
1024 2127 1119 2187 praes-
1165 2095 1171 2102 .
1198 2123 1202 2136 ·

113 2207 244 2269 tantior.
262 2207 320 2274 Qui
335 2229 446 2280 sermo,
461 2229 529 2288 quae
544 2217 710 2288 praecepta,
727 2216 840 2287 quanta
858 2207 967 2265 notitia
986 2205 1120 2286 antiqui-

114 2305 202 2378 tatis,
225 2306 354 2364 scientia
374 2306 452 2386 juris
472 2307 610 2383 augurii!
636 2306 742 2364 lllultae
765 2306 867 2376 etiam,
892 2312 926 2364 ut
944 2305 977 2362 in
996 2303 1121 2362 homine
1163 2311 1165 2316 '

114 2422 257 2474 romano,
278 2402 407 2473 litterae;
427 2404 528 2462 omnia
548 2403 695 2461 memoria
715 2401 849 2474 tenebat,
871 2422 933 2460 non
953 2400 1120 2458 domestica

114 2499 231 2572 solum,
247 2499 405 2558 sedetiam
423 2507 546 2558 externa
563 2499 652 2562 bella.
1147 2495 1149 2502 ⁴

432 2783 511 2839 101.
532 2787 583 2840 De
602 2781 813 2840 l'urbanlte'.

485 2906 539 2982 (De
562 2905 760 2980 urbanitate.)

162 3091 178 3122 «
204 3065 368 3126 Urbanitas
387 3093 399 3121 n
417 3068 540 3139 dicitur,
554 3083 614 3148 qua
627 3069 752 3147 quidem
767 3068 931 3145 significari
950 3068 1041 3126 video
1059 3089 1122 3126 ser·
1138 3083 1194 3138 1111,

106 3184 245 3239 monem
270 3165 482 3243 praeferentem
508 3167 539 3223 in
564 3164 665 3223 verbis
685 3171 716 3222 et
735 3185 811 3222 sono
831 3171 861 3223 et
884 3186 939 3223 usu
963 3164 1142 3243 proprium

105 3260 287 3347 quemdam
314 3269 437 3339 gustum
474 3263 556 3320 urbis
582 3269 613 3320 et
642 3277 796 3340 sumptam
824 3283 861 3318 ex
889 3261 1123 3320 conversatione

103 3363 285 3422 doctorum
307 3359 432 3418 tacitam
453 3359 655 3418 eruditionem
663 3385 670 3429 ;
690 3359 822 3438 (lenique
844 3359 893 3417 cui
913 3359 1065 3417 contraria
1084 3359 1128 3416 sit

102 3455 289 3520 rusticitas.
308 3481 323 3510 (ι
345 3457 517 3516 Venustum
543 3482 556 3508 u
579 3477 654 3529 esse,
677 3457 759 3535 quod
781 3477 851 3513 cum
873 3455 970 3534 gratia
991 3457 1124 3535 quadam
1143 3473 1145 3484 ¹

102 3565 144 3619 et
160 3553 278 3612 venere
290 3553 420 3625 dicatur,
434 3560 571 3633 apparet.
589 3579 602 3607 u
621 3553 740 3611 Salsum
758 3578 771 3606 r>
787 3553 817 3620 in
831 3553 1054 3611 consuetudine
1066 3574 1123 3632 pro

102 3649 257 3717 ridiculo
283 3655 402 3709 tantum
429 3651 611 3729 accipimus;
638 3664 747 3708 natura
768 3670 830 3707 non
852 3650 958 3729 utique
982 3649 1040 3708 hoc
1064 3658 1121 3720 est,
1144 3661 1146 3669 '

100 3765 311 3835 quamquam
333 3755 364 3806 'et
382 3747 511 3806 ridicula
533 3754 673 3828 oporteat
695 3767 760 3804 esse
779 3746 866 3806 salsa.
889 3745 1007 3805 Salsum
1029 3747 1126 3824 igitur

561 3935 696 3984 -ῃ,
