2682 4258
305 149 438 188 terrulas,
461 161 499 172 -
521 148 662 188 SClENCES.
686 163 725 170 -
745 147 883 188 SAVANTS.
906 160 946 170 -
966 143 1156 184 rmmsomms

234 260 312 328 Quid
328 261 409 320 enim
425 267 492 320 erat
503 281 558 318 cur
572 259 602 318 in
619 279 745 332 numero
760 258 932 318 viventium
952 265 1000 319 me
1013 257 1148 338 positum
1163 275 1231 314 esse

234 357 419 434 gauderem?
448 357 582 416 Detrahe
610 357 669 414 hoc
697 355 908 414 inaestimabile
936 354 1065 427 bonum,
1094 373 1154 425 nou
1183 357 1231 411 est

234 454 294 512 vita
313 453 388 512 tanti
406 460 439 512 ut
454 454 570 521 sudem,
587 460 620 511 ut
634 453 771 512 aestudm.
788 452 813 511 Ο
828 471 920 531 quam
934 457 1110 530 contempta
1125 471 1172 507 res
1183 455 1230 510 est

233 549 325 616 homo
353 549 409 608 nisi
434 570 524 630 supra
547 550 680 608 humana
702 549 885 610 surrexerit!
908 548 1012 608 Virtus
1031 543 1229 628 ipsa,‘quam

232 638 419 714 a'llectamus,
448 647 609 724 magnifica
639 641 697 718 est,
721 666 783 705 non
807 646 879 727 quia
896 640 1006 726 perse
1030 643 1154 704 beatum
1182 649 1230 702 est

233 734 314 804 malo
334 743 478 814 caruisse,
507 743 559 802 sed
581 743 652 823 quia
678 743 814 802 animum
837 743 929 814 laxat,
951 762 986 801 ac
1010 733 1229 822 preparat-ad

232 831 439 919 cognitionem
452 839 630 912 caelestium,
645 839 833 919 dignumque
859 838 952 898 efficit
976 837 1030 920 qui
1052 838 1083 920 in
1103 857 1230 896 consor-

233 926 309 995 tium
332 936 388 994 Dei
416 936 530 996 veniat.
557 937 635 994 Tum
656 926 903 995 consummatum
926 935 1019 994 hahet
1041 934 1247 1014 plenumque·

235 1033 347 1092 bonum
376 1029 643 1106 sortis'humanae,
668 1053 750 1105 cum,
772 1031 889 1091 calcato
916 1031 1000 1093 omui
1028 1031 1120 1104 malo,
1152 1029 1232 1110 petit

233 1129 330 1188 altum
343 1136 374 1188 et
389 1129 420 1191 in
434 1129 611 1189 interiorem
628 1136 747 1188 naturae
758 1129 858 1188 sinum
876 1128 973 1190 venit.
1125 1125 1127 1127 ’

365 1315 448 1372 418.
469 1317 522 1372 ue
539 1313 767 1383 pmrosopme
787 1314 824 1370 et
843 1314 883 1371 ra
903 1292 1096 1403 theologie.

357 1512 360 1515 Α
436 1417 494 1498 (De
508 1417 711 1502 philosophia
732 1424 761 1478 et
781 1417 819 1478 de
842 1417 1021 1500 theolopia.)
1187 1415 1190 1422 “

1021 1503 1025 1512 a

170 1567 209 1634 20
243 1579 246 1602 ³
273 1559 427 1628 Quantum
444 1560 524 1620 inter
542 1558 768 1639 philosophiam
790 1559 919 1619 interest
941 1565 971 1617 et
990 1566 1107 1618 ceteras
1136 1563 1232 1627 artae,

233 1655 352 1716 tantum
378 1656 524 1716 interesse
543 1656 685 1715 existimo
705 1657 735 1716 in
752 1657 817 1735 ipsa
832 1655 1029 1735 philosophia
1044 1654 1125 1714 iuter
1148 1653 1234 1712 illam

234 1759 351 1834 partem
370 1773 448 1832 quae
468 1752 505 1812 ad
532 1752 671 1811 homines
699 1759 730 1810 et
757 1752 836 1812 hanc
855 1772 934 1830 quae
959 1750 997 1810 ad
1012 1751 1086 1808 deos
1100 1755 1232 1830 spectat.

235 1849 335 1908 Altior
344 1856 390 1907 est
405 1847 479 1908 haec
496 1855 527 1907 et
542 1848 735 1910 animosior:
762 1848 891 1906 multum
915 1847 1055 1926 permisit
1071 1845 1141 1920 sibi,
1170 1867 1235 1904 non

234 1946 294 2006 fuit
306 1945 402 2005 oculis
419 1952 572 2004 contenta.
591 1944 694 2024 Majus
710 1965 773 2003 esse
789 1944 934 2024 quiddam
958 1944 1112 2024 suspicata
1136 1949 1184 2002 est
1198 1964 1249 2002 ac.

234 2042 401 2122 pulchrius,
419 2041 501 2123 quod
511 2049 595 2100 extra
611 2049 809 2120 conspectum
823 2047 932 2100 natura
951 2040 1116 2120 posuisset.
1137 2039 1236 2098 Deni-

233 2159 293 2221 que
307 2145 427 2198 tantum
453 2138 537 2198 inter
550 2138 627 2197 duas
647 2138 784 2209 interest,
810 2144 960 2218 quantum
984 2136 1065 2195 inter
1086 2136 1186 2195 Deum
1204 2143 1236 2193 et

235 2236 401 2296 hominem.
419 2234 523 2295 Altera
543 2235 632 2295 docet
651 2235 725 2315 quid
749 2235 781 2292 in
796 2235 885 2293 terris
904 2235 1055 2312 agendum
1069 2233 1119 2305 sit,
1137 2231 1235 2290 altera

235 2333 309 2412 quid
337 2338 447 2410 agatur
464 2330 496 2392 in
530 2331 625 2392 caelu.
647 2331 751 2390 Altera
764 2352 881 2390 errores
901 2337 1022 2389 nostros
1050 2329 1177 2388 discutit
1204 2336 1237 2388 et

234 2430 338 2488 lumen
364 2427 591 2509 admovetque
612 2427 825 2487 discernantur
846 2427 988 2505 ambigua
1012 2427 1113 2500 vitae3
1137 2425 1236 2484 altera

235 2525 333 2586 multo
349 2546 439 2604 supra
458 2524 537 2584 hanc
552 2523 716 2604 caliginem
742 2524 772 2583 in
793 2545 852 2603 qua
866 2525 1042 2583 volutamur
1053 2523 1185 2592 excedit,
1204 2530 1237 2582 et

235 2621 532 2701 etenebris'ereptos
552 2620 603 2680 illo
617 2621 757 2701 perducit
773 2621 855 2679 unde
869 2621 963 2682 lucet.
985 2619 1136 2700 Equidem
1158 2626 1237 2680 tunc

236 2727 362 2780 naturae
381 2739 482 2780 rerum
502 2718 615 2796 gratias
644 2738 702 2796 ago
728 2738 798 2798 pum
823 2717 906 2776 illam
933 2738 994 2776 non
1015 2717 1054 2779 ab
1074 2715 1237 2796 hacparte

235 2813 397 2896 videoque
412 2815 533 2894 publica
545 2814 674 2886 est,³sed'
684 2835 753 2873 cum
768 2815 933 2874 secretiora
941 2814 1008 2894 ejus
1020 2813 1144 2886 intravi,
1162 2796 1237 2872 cum

235 2913 320 2972 disco
334 2933 411 2992 quae
426 2911 562 2970 universi
575 2911 701 2971 materia
719 2911 768 2982 sit,
782 2911 850 2990 quis
865 2918 973 2970 auctor
992 2910 1031 2971 sit
1048 2916 1101 2969 aut
1112 2916 1235 2982 custos,

235 3010 309 3092 quid
325 3010 364 3068 sit
378 3009 464 3081 deus,
482 3015 631 3089 quantum
647 3008 761 3088 possit;
781 3007 940 3066 materiam
955 3007 1019 3086 ipse
1035 3006 1093 3065 sihi
1108 3006 1235 3078 formet,

235 3128 274 3167 an
285 3106 356 3166 data
366 3113 471 3165 utatur
483 3123 490 3178 ;
507 3113 609 3164 utrum
620 3105 688 3164 idea
702 3105 848 3164 materiae
861 3104 945 3184 prius
965 3102 1174 3184 superveniat,
1195 3123 1237 3160 au
1298 3117 1303 3128 ·

235 3203 361 3280 materia
374 3203 474 3275 ideae;
501 3203 584 3261 Deus
603 3201 754 3283 quidquid
770 3201 837 3261 vult
862 3200 985 3273 efficiat,
1010 3220 1049 3260 an
1071 3198 1103 3259 in
1128 3193 1238 3257 multis

236 3300 328 3362 rebus
355 3299 441 3358 illum
464 3298 622 3358 tractanda
646 3299 825 3358 destituant.
858 3299 942 3356 Haec
970 3296 1133 3376 inspicere,
1153 3293 1240 3354 *haec

237 3396 365 3470 discere,
394 3396 442 3454 his
468 3396 624 3469 incubare,
643 3415 744 3454 nonne
772 3394 925 3464 transilire
940 3401 987 3453 est
1012 3392 1251 3452 mortalitatem

238 3513 335 3562 suam,
352 3491 428 3551 etin
444 3493 599 3552 meliorem
615 3491 777 3552 transcribi
793 3494 926 3552 sortem?
937 3490 1016 3560 Quid
1031 3489 1099 3563 tibi,
1117 3486 1238 3569 inquiS,

238 3590 295 3650 ista
320 3590 514 3670 proderunt?
540 3589 571 3648 Si
597 3589 673 3648 nihil
698 3587 791 3662 aliud,
820 3588 878 3647 hoc
906 3595 988 3648 certe
1008 3586 1112 3658 sciam,
1130 3586 1239 3645 omnia

165 3757 168 3762 ,
237 3707 298 3764 ang
306 3695 374 3746 usta
390 3706 466 3760 esse,
481 3707 605 3746 mensus
621 3686 731 3748 Deum.

659 3871 812 3921 -ooc-
