2670 4252
514 141 713 182 rnsrnucrron.
725 119 775 166 ³-
796 127 957 180 ioucnrron

233 249 409 322 translatio,
421 271 499 330 quae
511 251 636 332 quidem
649 260 772 332 sumpta
786 253 905 312 ratione
915 260 972 327 est,
986 252 1142 312 adsensus
1158 252 1241 332 ipsos

230 346 431 420 admovetur,
452 349 584 406 maxime
604 349 775 419 oculorum,
793 349 847 429 qui
865 357 910 408 est
933 370 1039 408 sensus
1060 351 1239 408 acerrimus.

232 442 309 501 Nam
323 450 354 501 et
363 443 441 502 odor
459 443 654 517 urbanitatis,
667 452 698 504 et
710 445 873 504 mollitudo
889 445 1100 514 humanitatis,
1115 452 1242 532 etmur-

232 559 302 597 mur
320 541 429 612 maris,
458 547 488 599 et
513 541 645 600 dulcedo
673 542 833 614 orationis,
860 549 933 601 sunt
965 543 1056 602 ducta
1083 563 1099 600 a
1130 541 1242 600 ceteris

231 630 372 690 sensibus
393 631 472 693 :illa
498 653 572 692 vero
595 634 754 693 oculorum
767 634 864 694 multa
879 635 1008 706 acriora,
1034 655 1102 714 quae
1120 641 1243 713 ponunt

231 747 319 807 paene
335 727 368 787 in
382 738 552 809 conspectu
575 731 672 789 animi
690 751 760 810 quae
782 751 907 790 cernere
924 739 955 791 et
971 730 1076 816 yidere
1094 751 1156 789 non
1172 751 1241 810 pos-

231 845 349 885 sumus.
366 825 452 885 Nihil
473 834 520 886 est
541 828 623 886 enim
642 827 672 886 in
691 848 794 887 rerum
809 836 916 888 natura
934 827 1024 908 cujus
1044 849 1100 888 nos
1124 848 1187 887 non
1209 828 1240 885 in

231 921 299 980 aliis
320 921 411 981 rebus
430 924 581 1002 possimus
605 925 650 983 uti
668 924 820 984 vocabulo
843 931 875 984 et
889 925 1013 1008 nomine
1033 925 1136 983 :unde
1157 925 1242 983 enim

140 1043 142 1052 ¹
232 1017 329 1077 simile
352 1019 419 1078 duci
446 1028 549 1099 potest
574 1019 692 1100 (potest
714 1030 816 1080 autem
846 1042 884 1080 ex
911 1019 1079 1101 omnibus),
1103 1021 1241 1080 indidem

232 1115 360 1173 verbum
379 1136 486 1188 unum,
509 1117 593 1197 quod
618 1117 859 1178 similitudinem
884 1117 1034 1190 continet,
1058 1117 1255 1186 translatum,

232 1211 337 1270 lumen
355 1213 442 1271 allert
458 1213 603 1274 orationi.
1033 1221 1034 1225 ’

302 1404 363 1462 46.
386 1406 417 1462 11
441 1405 523 1463 taut
544 1405 664 1464 eerlre
683 1407 883 1465 lentement
903 1409 940 1465 et
961 1421 1052 1465 avec
1077 1373 1168 1464 solu.
1206 1449 1207 1452 η

401 1518 458 1598 (Sit
479 1520 527 1582 vel
548 1521 668 1594 tardus,
692 1519 767 1580 dum
789 1520 932 1604 dilipens
954 1521 1071 1603 stilus.)

167 1685 222 1740 nh,
276 1668 322 1727 Sit
340 1669 440 1748 primo
458 1669 505 1728 vel
526 1670 645 1742 tarduS,
678 1671 751 1729 dum
776 1670 908 1748 diligens
932 1671 1039 1745 stilus;
1068 1690 1243 1751 quaeramus

235 1765 363 1847 optima,
379 1786 435 1824 nec
452 1767 594 1846 protinus
612 1768 811 1826 offerentibus
827 1788 858 1825 se
869 1767 1069 1844 gaudeamus,
1084 1765 1243 1826 Adhibea-

234 1870 288 1923 tur
308 1863 462 1942 judicium
485 1863 631 1935 inventiS,
649 1864 811 1942 dispositio
825 1865 973 1942 probatis.
994 1863 1140 1922 Delectus
1159 1862 1242 1920 enim

234 1981 337 2020 rerum
354 1960 582 2039 verborumque
608 1959 744 2038 agendus
768 1967 825 2032 est,
843 1968 873 2018 et
892 1961 1029 2040 pondera
1049 1959 1242 2038 singulorum

235 2056 450 2119 examinanda.
478 2057 553 2115 Post
576 2057 685 2115 subeat
708 2058 786 2116 ratio
811 2057 995 2131 collocandi,
1017 2064 1243 2136 versenturque

235 2154 321 2212 omni
338 2153 431 2212 modo
445 2153 564 2211 numeri
581 2171 587 2213 ε
605 2174 677 2223 non,
691 2160 726 2212 ut
742 2155 887 2232 quodque
903 2175 934 2212 se
947 2154 1083 2232 proferet
1098 2152 1241 2223 verbum,

236 2256 369 2329 occupet
389 2249 501 2310 locum.
527 2249 601 2316 Quae
626 2250 751 2328 quidem
770 2258 803 2309 ut
826 2251 1006 2328 diligentius
1022 2269 1241 2330 exsequamur,

236 2346 403 2426 repetenda
418 2347 531 2424 saepius
547 2354 637 2404 erunt
650 2347 835 2425 scriptorum
849 2349 999 2426 proxima.
1018 2348 1108 2418 Nam,
1127 2353 1244 2426 praeter

236 2444 267 2502 id
291 2443 375 2521 quod
394 2443 437 2500 sic
459 2443 568 2501 melius
587 2443 763 2522 junguntur
786 2435 942 2524 prioribus
964 2443 1134 2523 sequentia,
1158 2442 1244 2501 calor

237 2559 360 2620 quoque
394 2539 445 2598 ille
472 2541 680 2616 cogitationis,
712 2541 765 2620 qui
799 2541 952 2600 scribendi
987 2560 1072 2600 mora
1108 2539 1239 2609 refrixit,
1293 2551 1295 2558 “

236 2636 347 2716 recipit
369 2657 406 2694 ex
426 2637 546 2714 integro
573 2637 663 2708 vires,
686 2645 726 2708 et,
751 2637 837 2695 velut
858 2638 988 2717 repetito
1011 2638 1122 2716 spatie,
1147 2636 1243 2694 sumit

237 2735 398 2811 impetum.
422 2732 511 2800 Quod
539 2734 571 2791 in
594 2735 760 2792 certamine
788 2734 916 2792 saliendi
942 2733 1007 2792 fieri
1032 2733 1183 2804 videmus,
1206 2739 1241 2790 ut

236 2837 382 2890 conatum
405 2830 527 2906 longius
548 2838 665 2908 petant,
690 2838 721 2888 et
746 2831 783 2889 ad
809 2831 895 2904 illud,
930 2851 991 2911 quo
1025 2829 1236 2898 contenditur,

237 2923 371 3002 spatium
402 2943 493 2981 cursu
523 2923 675 2996 ferantur3
711 2931 805 3003 utque
837 2925 867 2981 in
896 2923 1063 3003 jaculando
1097 2921 1242 2982 bracchia

236 3020 424 3091 reducimus
454 3027 494 3088 et,
528 3019 685 3098 expulsuri
718 3020 789 3091 tela,
821 3041 931 3079 nervos
963 3026 1044 3079 retro
1072 3019 1239 3079 tendimus

239 3117 365 3176 Interim
383 3124 498 3187 tamen,
516 3117 540 3174 si
557 3117 632 3174 leret
650 3118 752 3189 ssatus,
772 3118 872 3176 danda
891 3126 962 3176 sunt
985 3117 1063 3188 vela,
1086 3116 1160 3175 dum
1184 3137 1243 3175 nos

234 3213 429 3291 indulgentia
462 3212 514 3271 illa
542 3234 603 3271 non
637 3213 733 3273 lallat.
767 3214 877 3272 Omnia
906 3214 987 3272 enim
1014 3221 1131 3286 nostra,
1167 3213 1241 3272 dum

238 3317 416 3378 nascuntur,
437 3310 575 3389 placent,
601 3311 715 3388 alioqui
738 3332 794 3369 nec
814 3312 1030 3370 scriberentur.
1058 3310 1117 3368 Sed
1135 3311 1243 3370 redea—

237 3428 305 3464 mus
328 3407 366 3465 ad
385 3407 549 3486 judicium,
574 3414 604 3466 et
626 3415 827 3466 retractemus
850 3416 1023 3487 suspectam
1047 3407 1241 3467 facilitatem.

237 3503 288 3561 Sic
300 3503 458 3582 scripsisse
471 3504 650 3562 Sallustium
665 3505 848 3583 accepimus,
866 3513 897 3563 et
913 3525 986 3564 sane
998 3498 1183 3563 manifestus
1196 3513 1245 3563 est

237 3601 327 3659 etiarn
344 3621 380 3657 ex
398 3620 490 3678 opere
508 3600 574 3679 ipso
592 3600 688 3660 labor.
708 3602 878 3679 Vergilium
896 3623 1019 3682 quoque
1035 3600 1243 3681 paucissimos

237 3697 287 3756 die
305 3697 513 3774 composuisse
531 3717 637 3755 versus
654 3706 761 3756 auctor
779 3706 824 3756 est
841 3699 963 3758 Varius.

670 3859 810 3910 -32-
