2656 4258
400 188 531 240 vornoss
542 189 578 226 ur
593 173 770 226 cuniosirrts.
800 201 838 212 -
853 188 887 224 un
903 187 1055 224 cnurneun

217 298 307 377 ejecit
323 295 417 379 atque'
431 298 556 359 extulit.
579 301 625 358 Ac
644 320 681 357 ne
704 297 755 357 illa
770 299 893 379 quidem
911 299 977 356 loca
994 298 1075 355 malo
1098 317 1228 356 vacave-

166 433 168 448 2
209 402 299 463 runt,
321 395 360 453 ad
379 416 448 474 quae
467 417 532 454 non
557 396 694 454 ascendit
715 396 822 454 amuis.
848 395 925 452 Nam
950 413 1007 474 pro
1029 414 1117 452 amne
1129 392 1228 452 imber

217 491 361 550 assiduus
374 500 405 551 et
426 492 537 570 dejecti
554 491 688 551 nubibus
710 490 864 566 turbines;
895 500 1021 570 proruta
1045 511 1138 570 opera
1160 490 1227 570 qui-

216 587 273 646 bus
295 589 429 667 pretiosa
445 610 516 647 rura
538 589 719 666 cinguntur;
737 595 981 668 quassataatque
992 588 1084 646 etiam
1099 587 1227 646 decussa

216 693 426 744 monumenta.
459 685 557 744 Multi
586 685 737 764 ejusmodi
770 685 890 743 casibus
916 685 1080 754 debilitati,
1110 683 1225 752 obruti,

217 781 335 851 obtriti,
358 789 493 840 etaucta
508 781 648 840 luctibus
661 781 784 840 damna.
807 782 851 840 Ne
865 780 938 860 quid
961 781 1059 840 simile
1081 781 1150 840 istic
1168 800 1227 859 pro

217 897 359 937 mensura
382 878 510 956 periculi
538 899 655 947 vereor,
684 886 779 956 teque
803 899 889 956 rogo,
927 878 951 938 si
978 878 1054 936 nihil
1083 877 1142 936 tale
1167 884 1226 947 est,

217 995 308 1054 quam
336 975 540 1034 maturissime
569 974 771 1034 sollicitudini
799 995 873 1032 meae
893 974 1050 1046 cousulas;
1074 973 1174 1035 sedet
1196 975 1227 1032 si

215 1070 287 1141 tale,
318 1070 349 1128 id
386 1093 509 1152 quoque
539 1072 674 1132 nunties.
706 1073 784 1130 Nam
812 1072 936 1150 paulum
964 1071 1066 1130 differt
1095 1071 1229 1150 patiaris

217 1166 346 1226 adversa
361 1188 400 1227 an
416 1175 589 1247 exspectes;
609 1168 667 1226 nisi
685 1169 768 1248 quod
784 1176 886 1226 tamen
900 1174 948 1226 est
962 1166 1086 1226 dolendi
1102 1167 1227 1240 modus,

217 1270 347 1322 nonest
373 1264 513 1322 timendi.
542 1263 658 1322 Doleas
686 1265 768 1322 euim
792 1269 942 1343 quantum
967 1264 1044 1322 scias
1067 1263 1228 1335 accidisse,

217 1359 328 1420 timeas
344 1367 494 1440 quantum
509 1359 607 1440 possit
623 1361 772 1421 accidere.

550 1619 634 1676 207.
653 1620 701 1675 Le
727 1617 889 1674 Simoun.

370 1736 584 1818 (Describitur
603 1745 767 1820 tempestas
784 1739 816 1798 in
831 1739 961 1800 desertis
977 1739 1071 1820 orta.)

151 1903 191 1967 2⁰
216 1914 265 1973 Sic
287 1913 391 1972 orbem
413 1921 584 1994 torquente
607 1915 690 1973 Noto
713 1915 851 1974 Romana
877 1916 1026 1995 juventus

217 2010 401 2084 Procubuit,
426 2019 628 2090 metuensque
649 2011 714 2090 rapi
738 2012 921 2070 constrinxit
943 2013 1083 2082 amictuS,

217 2109 414 2188 Inseruitque
436 2129 547 2166 manus
570 2116 667 2166 terrae
691 2127 698 2168 :
722 2129 779 2166 nec
801 2108 936 2187 pondere
959 2107 1034 2181 solo,

217 2203 275 2262 Sed
298 2205 366 2262 uisu
387 2205 497 2284 jacuit,
523 2205 572 2262 vix
595 2205 638 2262 sic
660 2204 826 2263 immobilis
848 2206 973 2277 Austro,

216 2301 278 2366 Qui
300 2321 392 2380 super
412 2301 555 2377 ingentes
577 2301 717 2359 cumulos
739 2301 871 2360 involvit
893 2323 1013 2374 arenae,

215 2399 318 2476 Atque
339 2397 440 2476 operit
460 2397 573 2455 tellure
595 2398 691 2457 viros.
717 2398 776 2455 Vix
797 2398 905 2456 tollere
919 2398 1014 2456 miles

215 2493 354 2552 Membra
375 2493 468 2562 valet,
493 2493 590 2552 multo
613 2501 764 2572 congestu
786 2495 923 2573 pulveris
944 2494 1082 2554 haerens.

215 2589 345 2668 Adligat
367 2597 397 2648 ct
419 2597 535 2649 stantes
557 2591 682 2649 adfusae
704 2612 835 2668 magnus
856 2612 967 2650 arenae

214 2688 327 2764 Agger,
351 2693 382 2745 et
404 2687 524 2745 immoti
547 2695 627 2745 terra
650 2695 794 2765 surgente
818 2695 975 2748 tenentur.

215 2783 294 2842 Saxa
315 2783 388 2842 tulit
410 2783 535 2862 penitus
557 2783 702 2842 discussis
723 2792 851 2863 proruta
872 2784 968 2842 muris

216 2880 400 2959 Effuditque
422 2880 539 2958 procul,
565 2880 703 2939 miranda
725 2887 807 2938 sorte
829 2882 979 2940 malorum
1003 2899 1010 2939 :

215 2975 274 3043 Qui
298 2977 398 3035 nullas
422 2976 528 3034 videre
551 2977 669 3049 domos,
692 2977 797 3035 videre
820 2977 936 3036 ruinas

214 3073 346 3153 Jamque
369 3075 427 3132 iter
448 3094 539 3131 omne
562 3073 638 3132 latet
661 3093 668 3133 t
692 3094 748 3132 nec
770 3081 842 3132 sunt
864 3074 1039 3132 discrimina
1061 3081 1164 3134 terrae

153 3187 155 3192 ’
217 3170 296 3246 Ulla,
320 3171 378 3229 nisi
401 3157 679 3237 aetheriae,medio
702 3170 788 3228 velut
809 3171 1113 3248 aequore,llammae.

215 3267 378 3326 Sideribus
401 3288 514 3325 novere
535 3267 599 3324 vias
624 3286 630 3326 :
655 3287 710 3324 uec
732 3266 831 3324 sidera
853 3273 927 3324 nota

216 3363 362 3422 Ostendit
385 3363 516 3444 Libycae
538 3363 642 3420 finitor
663 3363 796 3421 circulus
818 3383 900 3435 orae,

215 3460 380 3538 Multaque
403 3460 520 3517 devexo
542 3467 692 3517 terrarum
715 3459 852 3536 margine
878 3459 968 3518 celat.

217 3556 319 3636 thue
341 3555 424 3614 calor
445 3556 540 3613 solvit
562 3576 651 3634 quern
675 3561 806 3616 torserat
827 3577 896 3615 aera
917 3562 1038 3628 ventus,

217 3653 425 3731 Incensusque
452 3652 530 3724 dies,
553 3658 680 3710 manant
701 3652 865 3711 sudoribus
888 3660 972 3710 artus
995 3671 1002 3714 ἱ

214 3752 311 3807 Arent
332 3769 384 3807 ora
407 3747 477 3808 siti.

640 3909 796 3960 -144-

1320 325 1321 342 l

1320 349 1321 388 l

1320 393 1321 404 i

1210 2655 1214 2662 .

1184 4196 1189 4210 ἱ
