2682 4258
121 183 231 239 mista.
253 211 290 224 ····
305 182 420 236 Poenas,
437 211 476 222 ··-
490 179 665 242 titoousrtcm
681 211 720 220 ·-
734 197 896 236 oneratas.
914 209 954 221 ···-
968 177 1118 236 RHdTEURS

339 599 422 660 386.
442 603 512 658 Les
530 599 704 658 rhe'teurs
723 599 899 658 remeius.

401 767 458 849 (De
479 766 656 827 rhetoribus
679 764 841 848 romanis.)

163 1129 284 1189 Censor
304 1150 360 1208 ego
382 1129 506 1189 Latinos
525 1128 648 1188 dicendi
669 1128 831 1206 magistros
854 1127 955 1214 edicto
981 1125 1013 1184 in
1036 1125 1119 1184 huno
1132 1127 1187 1184 ah.

121 1225 248 1286 modum
269 1225 402 1286 sustuli:
429 1225 684 1284 «Renuntiatum
707 1232 752 1283 est
773 1224 861 1282 nobis
881 1243 946 1282 esse
966 1222 1118 1295 homines,

121 1323 177 1402 qui
192 1343 308 1382 novum
324 1343 420 1400 genus
438 1321 609 1401 disciplinae
628 1321 839 1392 instituerunt,
859 1319 895 1379 ad
914 1339 991 1399 quos
1009 1318 1122 1398 juven-

122 1419 217 1478 tasin
231 1418 337 1480 ludum
350 1419 528 1493 conveniat;
546 1440 597 1478 eos
612 1418 670 1478 sibi
685 1429 798 1476 nomen
813 1415 996 1497 imposuisse
1010 1414 1123 1474 latinos
1163 1465 1167 1480 ,

123 1516 280 1588 rhetores;
297 1515 339 1573 ibi
361 1515 502 1574 homines
520 1509 766 1574 adulescentulos
788 1521 870 1573 totos
892 1511 957 1570 dies
972 1511 1122 1570 desidere.
1210 1554 1214 1562 .

124 1612 261 1692 Majores
281 1613 377 1671 nostri
397 1633 465 1692 quae
481 1611 594 1670 liberos
608 1631 679 1670 suos
692 1611 818 1683 discere,
840 1617 871 1669 et
889 1630 967 1691 quos
983 1609 1013 1667 in
1033 1607 1124 1668 ludos

122 1709 202 1767 itare
213 1709 338 1779 vellent,
353 1709 564 1767 instituerunt.
583 1707 657 1766 Haec
675 1727 765 1778 nova,
783 1727 851 1786 quae
871 1712 982 1786 praeter
997 1724 1126 1766 consue·

122 1805 271 1864 tudinem
286 1826 320 1864 ac
340 1826 455 1864 morem
475 1805 626 1885 majorum
643 1805 735 1876 fiunt,
757 1823 856 1890 neque
880 1803 1003 1882 placent
1024 1821 1126 1880 neque

124 1911 207 1962 recta
231 1902 387 1962 videntur.
408 1902 602 1982 Quapropter
624 1901 712 1960 otiis
736 1899 788 1980 qui
811 1919 862 1958 eos
884 1898 972 1957 ludos
995 1898 1122 1970 habent,

119 2000 155 2052 et
175 1995 212 2052 iis
231 1995 284 2074 qui
303 2016 339 2054 eo
361 1997 466 2054 venire
484 2005 684 2068 consuerunt,
705 1996 806 2053 visum
829 2000 875 2052 est
890 1990 1081 2065 laciendum,'
1095 2001 1129 2050 ut

122 2077 356 2144 ostenderemus
382 2092 517 2146 nostram
541 2087 736 2160 sententiam,
759 2087 847 2146 nobis
870 2107 930 2145 non
955 2087 1085 2166 plaeere.
1108 2112 1123 2143 »

124 2181 194 2240 Hoc
216 2203 290 2241 vero
312 2182 447 2242 edictum
469 2183 661 2263 promulgavi
682 2203 743 2242 non
767 2205 828 2264 quo
852 2183 904 2264 (ut
921 2183 1024 2244 nescio
1046 2205 1126 2264 quos

120 2279 227 2338 dicere
256 2278 390 2360 aiebant)
414 2281 481 2338 acui
508 2280 630 2358 ingenia
653 2279 895 2340 adulescentium
920 2281 1044 2356 nollem,
1072 2282 1126 2341 sed

120 2383 233 2434 contra
260 2377 381 2454 ingenia
406 2375 536 2435 obtundi
560 2377 655 2450 nolui,
677 2378 869 2436 corroborari
886 2377 1123 2458 impudentiam.

123 2471 204 2538 Nam
228 2472 310 2551 apud
337 2463 473 2547 Graeoda
498 2473 685 2532 cuicuimodi
711 2481 823 2548 essent,
854 2474 998 2534 videbam
1022 2483 1125 2534 tamen

121 2589 201 2640 esse,
226 2577 339 2648 praeter
356 2570 434 2628 hanc
454 2570 705 2629 exercitationem
727 2571 849 2648 linguae,
873 2571 1046 2631 doctrinam
1069 2570 1126 2629 ali·
1197 2609 1199 2614 -

121 2685 218 2744 quam
239 2672 270 2722 et
291 2665 513 2725 humanitatem
538 2666 661 2744 dignam
685 2667 828 2740 seientia3
849 2667 905 2727 hos
928 2689 1002 2727 vero
1027 2687 1125 2726 novos
1145 2724 1148 2730 .

122 2761 289 2838 magistros
303 2761 602 2841 nihilintellegebam
611 2769 701 2843 posse
711 2763 831 2837 dooere,
845 2765 904 2823 nisi
914 2771 949 2823 ut
959 2764 1122 2824 auderent:

120 2857 208 2937 quod
236 2858 329 2916 etiam
352 2879 422 2917 cum
445 2860 534 2921 bonis
555 2861 647 2918 rebus
669 2861 868 2940 conjunctum
892 2882 946 2941 per
967 2882 998 2920 se
1022 2861 1123 2940 ipsum

121 2960 174 3013 est
199 2974 385 3034 magnopere
410 2955 602 3034 fugiendum.
630 2958 697 3015 Hoc
722 2978 792 3016 cum
816 2979 915 3016 unum
938 2958 1124 3032 traderetur,

120 3058 245 3110 etcum
267 3051 466 3130 impudentiae
486 3053 577 3112 ludus
597 3060 687 3124 esset,
711 3055 817 3132 putavi
839 3075 904 3114 esse
928 3055 1064 3113 censoris
1087 3075 1125 3113 ne

123 3148 247 3226 longius
275 3147 307 3206 id
331 3153 465 3228 serperet
487 3151 659 3230 providere.
686 3151 877 3231 Quamquam
903 3171 965 3210 non
992 3153 1056 3210 haec
1081 3152 1124 3211 ita

121 3250 228 3304 statuo
248 3252 339 3323 atque
365 3244 508 3319 decern0‚
532 3253 566 3305 ut
586 3247 743 3327 desperem
766 3247 860 3307 latine
880 3268 925 3320 ea,
951 3248 988 3306 de
1012 3248 1125 3328 quibus

122 3341 362 3420 disputavimus,
388 3342 467 3401 tradi
486 3363 521 3402 ae
545 3344 714 3423 perpoliri:
734 3345 851 3426 patitur
869 3345 950 3404 enim
969 3353 999 3403 et
1018 3345 1124 3423 lingua

121 3445 231 3498 nostra
256 3445 288 3496 et
318 3445 426 3500 natura
459 3460 560 3499 rerum
592 3449 728 3500 veterem
755 3442 838 3500 illam
862 3442 1125 3523 excellentemque

120 3534 322 3616 prudentiam
339 3535 517 3598 Graecorum
529 3537 567 3596 ad
580 3545 719 3597 nostrum
734 3559 821 3597 usum
834 3559 1012 3617 moremque
1025 3548 1125 3598 trans-

120 3632 213 3704 t'erri;
235 3632 287 3690 sed
303 3631 479 3693 hominibus
499 3654 576 3714 opus
597 3643 643 3694 est
661 3634 800 3711 eruditis,
817 3635 871 3714 qui
886 3635 987 3694 adhuc
1012 3636 1045 3694 in
1065 3636 1125 3694 hoc

116 3728 250 3810 quidem
265 3749 376 3806 genere
390 3731 486 3788 nostri
502 3731 578 3790 nulli
593 3732 728 3791 luerunt.

545 3909 704 3960 -275-
