2656 4258
271 177 329 234 89.
349 177 453 233 L'art
472 177 710 232 d'enchainer
728 174 784 230 les
805 185 907 244 gens.

160 300 218 381 (De
239 306 305 358 arte
327 296 549 379 adstrinqendi
568 295 709 356 homines
730 293 842 355 vinclis
864 292 1019 376 escariis.)

126 486 280 544 iuventus
301 504 413 542 nomen
435 482 508 542 fecit
530 482 676 542 Peniculo
697 481 784 554 mihi,
926 553 928 560 Α

126 581 200 640 ldeo
222 581 294 661 quia
316 601 463 653 mensam,
487 578 610 659 quando
633 578 701 650 edo,
727 578 881 656 detergeo

128 678 279 737 Homines
300 677 439 756 captivos
462 677 515 756 qui
538 677 654 736 catenis
676 675 827 747 vinciunt,

126 775 166 833 Et
187 774 241 854 qui
262 775 401 852 fugitivis
424 774 520 832 servis
542 772 656 832 indunt
676 771 850 853 compedes,

126 865 227 930 Nimis
249 871 342 930 stulte
364 870 492 941 iaciunt,
517 889 585 929 mea
607 868 731 949 quidem
753 868 915 928 sententia.

126 970 268 1048 Namque
290 968 408 1026 homini
435 968 546 1026 misero
573 967 598 1025 si
624 965 663 1025 ad
688 965 802 1025 malum
824 963 943 1024 accedit
962 962 1090 1036 malum,

105 1070 108 1073 ’
126 1065 229 1145 Major
250 1063 357 1123 lubido
380 1071 432 1122 cst.
449 1064 554 1140 sugere
576 1069 607 1121 et
628 1062 728 1121 facere
750 1063 900 1142 nequiter.

76 1216 80 1220 .
125 1161 206 1220 Nam
229 1181 260 1220 se
282 1181 319 1220 ex
340 1159 456 1220 catenis
480 1160 619 1219 eximunt
642 1159 746 1239 aliquo
767 1157 870 1218 mod0.

3 1261 5 1346 j
122 1258 205 1316 Tum
227 1257 394 1337 compediti
416 1277 508 1316 anum
535 1256 607 1316 lima
629 1263 803 1336 proterunt,

3 1363 5 1396 ¹
124 1357 189 1414 Aut
211 1354 312 1434 lapide
335 1354 497 1416 excutiunt
519 1353 638 1412 clavom
659 1371 665 1413 :
690 1373 780 1432 nugae
802 1361 874 1411 sunt
894 1372 949 1412 eae.

4 1451 5 1462 ¹
124 1451 225 1519 Quem
249 1458 282 1510 tu
304 1450 467 1510 adservare
488 1458 581 1522 recte,
605 1470 643 1508 ne
665 1449 814 1527 aufugiat,
838 1449 933 1521 voles,

126 1549 206 1607 Esca
228 1555 320 1628 atque
342 1548 468 1628 potione
489 1547 601 1606 vinciri
622 1545 732 1606 decet:

124 1645 221 1724 Apud
243 1664 379 1703 mensam
401 1642 522 1723 plenam
545 1629 661 1702 homini
684 1652 817 1701 rostrum
839 1642 964 1720 deliges.

126 1741 211 1800 Dum
234 1748 268 1799 tu
290 1740 346 1812 illi,
370 1739 453 1821 quod
475 1739 538 1798 edit
559 1747 590 1798 et
611 1739 694 1819 quod
715 1747 812 1819 potet,
835 1731 973 1820 praebeas

124 1840 191 1897 Suo
215 1837 366 1896 arbitratu
442 1835 567 1896 adfatim
589 1835 714 1906 cotidie,

124 1935 317 2015 Numquam,
342 1933 454 2006 hercle,
479 1934 615 2011 effugiet,
633 1933 754 1992 tametsi
778 1933 889 2012 capital
913 1933 1030 1992 fecerit.

127 2032 231 2090 Facile
255 2031 442 2103 adservabis,
466 2031 538 2089 dum
561 2051 597 2088 eo
619 2020 722 2088 vinclo
744 2030 871 2088 vincies,

127 2129 176 2189 lta
198 2129 285 2187 istaec
307 2128 398 2186 nimis
421 2128 503 2186 lenta
525 2126 625 2186 vincia
647 2134 719 2186 sunt
741 2126 883 2186 escaria:

124 2226 227 2294 Quam
250 2225 347 2303 magis
368 2223 526 2297 extendaS,
551 2231 637 2282 tanto
659 2223 855 2302 adstringunt
876 2223 984 2283 artius.

132 2531 133 2534 '
204 2543 263 2601 90.
283 2545 340 2601 Un
357 2543 493 2600 mettre
510 2543 584 2598 hon
602 2555 695 2611 pour
715 2554 776 2598 ses
796 2542 977 2600 esclaves.

199 2666 259 2746 (De
274 2663 401 2724 domino
415 2663 553 2746 quodem
572 2663 604 2723 in
621 2684 723 2724 servos
739 2684 810 2723 suos
825 2664 984 2745 humano.)

129 2860 342 2920 Confecerunt
359 2879 408 2917 me
426 2859 622 2917 infirmitates
639 2878 790 2932 meorum,
805 2867 923 2918 mortes
940 2859 1042 2932 etiam,
1062 2868 1092 2920 et
1121 2869 1162 2936 ξι

91 2958 219 3039 quidem
245 2957 408 3037 juvenum.
434 2955 553 3014 Solacia
583 2954 644 3013 duo
671 2976 864 3036 nequaquam
894 2957 979 3036 paria
1007 2964 1094 3016 tanto

6 3127 7 3132 ἵ
92 3052 204 3124 dolori,
240 3053 352 3111 solacia
386 3060 510 3111 tamen:
549 3071 654 3122 unum,
691 3051 821 3111 facilitas
856 3053 1095 3112 manumittendi

6 3161 7 3202 3
89 3149 211 3228 (videor
223 3150 306 3208 enim
327 3169 388 3207 non
407 3149 534 3207 omnino
550 3149 729 3206 immaturos
749 3149 918 3227 perdidisse
934 3169 1011 3228 quos
1028 3150 1093 3230 jam

88 3245 202 3304 liberos
225 3245 373 3326 perdidi)·‚
400 3246 542 3318 altorum,
574 3244 656 3324 quod
677 3246 823 3325 permitto
850 3246 945 3304 servis
971 3267 1093 3327 quoque

86 3343 180 3420 quasi
193 3350 376 3402 testamenta
393 3342 504 3414 facere,
522 3363 618 3422 eaque
635 3350 669 3400 ut
686 3341 822 3421 legitima
836 3343 989 3403 custodie.
1007 3344 1094 3403 Man-

7 3495 9 3522 ,ζ
86 3437 168 3497 dant
193 3447 363 3518 rogantque
398 3439 481 3518 quod
515 3439 642 3498 visum:
669 3460 772 3519 parom
800 3448 834 3498 ut
863 3441 979 3519 jussus
1009 3442 1096 3500 Divi-

86 3535 181 3608 dunt,
202 3535 329 3609 donant,
350 3533 552 3616 relinquunt:
578 3535 739 3594 dumtaxat
756 3536 837 3594 intra
857 3536 998 3607 domum;
1024 3559 1094 3597 nam

8 3635 10 3646 ’
86 3632 190 3692 servis
205 3631 378 3713 respublica
401 3631 539 3712 quaedam
556 3639 586 3690 et
599 3632 687 3712 quasi
705 3632 812 3690 civitas
830 3631 940 3692 domus
963 3643 1019 3696 est.
1034 3633 1095 3693 Sed

86 3747 279 3809 quamquam
307 3729 356 3788 his
379 3729 501 3788 solaciis
522 3730 726 3810 acquiescam,
750 3727 896 3788 debilitor
919 3738 949 3789 ct
971 3731 1097 3808 frangor

526 3913 663 3964 .-03-

644 4059 657 4090 0
