2670 4252
611 151 822 212 CHAPlTRE
843 151 872 210 ll

646 309 762 392 (Caput
783 308 829 394 ll)

519 605 718 644 msrnucrmn.
741 617 780 628 -
802 587 966 643 s'nucarrou

392 731 451 812 (De
474 731 675 792 instituendis
698 731 930 814 educandisque
953 732 1086 813 liberis.)

238 1003 298 1060 25.
314 1003 551 1063 L'edueation
565 1003 702 1062 donnee
723 1008 818 1064 dans
833 1007 889 1063 les
905 1005 1026 1063 e'coles
1041 1005 1237 1074 publtques

326 1103 506 1159 veut-elle
524 1103 645 1158 mieux
664 1115 734 1171 que
753 1101 976 1160 reuuoauon
995 1099 1154 1171 prive'e‘?

228 1234 231 1338 ἶ
302 1247 430 1327 (Utrum
445 1236 553 1309 utilius
567 1249 654 1310 domi
666 1272 706 1310 an
723 1249 755 1310 in
770 1250 886 1311 scholis
895 1271 979 1332 puer
993 1248 1183 1330 erudiatur.)

171 1491 225 1546 llh.
286 1485 361 1543 Haec
380 1477 511 1565 quaestio
531 1508 611 1566 saepe
631 1494 782 1546 tractatur
800 1487 946 1546 utiliusne
964 1488 1004 1546 sit
1019 1484 1103 1545 domi
1118 1485 1242 1544 studen-

239 1592 301 1645 tem
324 1603 452 1663 puerum
468 1575 637 1657 continere,
656 1605 693 1643 an
719 1583 899 1662 frequentiae
919 1583 1093 1642 scholarum
1111 1589 1142 1640 et
1157 1582 1243 1640 velut

190 1741 194 1748 ,
238 1680 371 1762 publicis
401 1681 642 1758 praeceptoribus
676 1679 806 1741 tradere.
836 1680 923 1748 Quod
951 1679 1075 1760 quidem
1102 1699 1173 1737 cum
1205 1679 1242 1736 iis

237 1799 254 1838 a
279 1777 391 1857 quibus
415 1776 651 1835 clarissimarum
679 1777 840 1835 civitatum
872 1797 971 1835 mores
994 1784 1066 1835 sunt
1093 1767 1239 1847 instituti,

237 1883 303 1934 tum
329 1873 577 1932 eminentissimis
604 1873 783 1932 auctoribus
799 1874 887 1932 video
910 1873 1086 1953 placuisse:
1109 1892 1171 1931 non
1193 1880 1241 1931 est

235 1979 339 2030 tamen
364 1970 619 2029 dissimulandum
638 1991 703 2028 esse
725 1961 889 2029 nonnullos
914 1970 967 2050 qui
993 1969 1031 2028 ab
1061 1969 1119 2028 hoc
1145 1989 1241 2048 prope

236 2067 362 2147 publico
388 2087 471 2125 more
487 2066 681 2126 dissentiant.
713 2067 842 2125 Necesse
862 2075 964 2126 autem
986 2074 1032 2125 est
1058 2073 1093 2125 ut
1118 2066 1241 2124 iuturus
1317 2109 1318 2121 ,

212 2226 217 2240 ,
236 2171 351 2235 orator,
366 2164 415 2221 cui
434 2163 464 2220 in
483 2164 613 2223 maxima
630 2163 807 2222 celebritate
820 2164 988 2222 vivendum
1006 2172 1063 2236 est,
1086 2170 1240 2222 assuescat
1316 2185 1317 2203 ¹

226 2260 297 2339 vjam
319 2281 334 2318 a
353 2269 457 2317 tenero
478 2280 538 2318 non
555 2260 754 2319 reformidare
770 2261 921 2331 homines
939 2281 1038 2341 neque
1058 2259 1194 2318 solitaria
1211 2267 1240 2316 et
1315 2253 1316 2285 l

236 2357 322 2414 velut
342 2356 511 2414 umbratica
534 2357 598 2414 vita
617 2356 793 2436 pallescere.
816 2357 985 2420 Excitanda
1007 2363 1136 2415 menset
1150 2355 1241 2414 attol-
1314 2343 1315 2365 ¹

225 2452 327 2511 ³·lenda
339 2471 459 2530 semper
470 2460 525 2523 est,
541 2474 610 2532 quae
626 2454 657 2511 in
673 2452 850 2531 hujusmodi
863 2453 987 2512 secretis
1003 2462 1057 2512 aut
1069 2452 1240 2530 languescit

237 2557 290 2609 aut
319 2549 463 2607 tumescit
493 2550 576 2607 inani
603 2551 817 2628 persuasione3
848 2571 969 2609 necesse
996 2557 1042 2608 est
1069 2549 1150 2608 enim
1179 2549 1237 2607 sibi

235 2645 367 2706 nimium
405 2639 521 2704 tribuat
548 2646 600 2725 qui
628 2667 658 2704 se
679 2647 792 2704 nemini
824 2654 993 2725 comparat.
1022 2645 1140 2704 Deinde
1167 2666 1237 2703 cum

236 2741 420 2823 proferenda
434 2750 505 2800 sunt
520 2742 632 2813 studia,
649 2743 761 2822 caligat
773 2743 803 2802 in
818 2744 881 2802 sole
894 2751 925 2802 et
935 2743 1036 2801 omnia
1052 2762 1132 2801 nova
1143 2742 1236 2800 offen·

234 2839 291 2911 dit,
315 2839 421 2919 utqui
445 2840 528 2897 solus
559 2839 703 2898 didicerit
725 2839 807 2919 quod
829 2840 909 2898 inter
928 2839 1042 2898 multos
1064 2837 1239 2898 faciendum

235 2943 292 2996 est.
313 2936 405 2994 Mitto
421 2936 582 3008 amicitias,
595 2957 663 3016 quae
679 2936 717 2996 ad
734 2943 923 2995 senectutem
940 2957 1035 3015 usque
1055 2935 1239 2994 firmissimae

235 3032 358 3102 durant,
392 3032 691 3112 religiosa'quadam
722 3033 947 3092 necessitudine
975 3033 1115 3105 imbutae;
1139 3053 1239 3112 neque

236 3130 317 3186 enim
334 3137 380 3187 est
396 3129 531 3186 sanctius
549 3131 642 3188 sacris
655 3132 762 3189 iisdem
775 3151 866 3208 quam
883 3130 992 3188 studiis
1006 3129 1132 3190 initiari.
1150 3129 1240 3188 Adde

235 3225 318 3304 quod
334 3225 418 3283 domi
439 3246 472 3284 ea
495 3224 558 3284 sola
579 3226 695 3284 discere
710 3236 821 3301 potest,
840 3248 908 3305 quae
923 3227 981 3306 ipsi
1002 3226 1238 3305 praecipientur·,

235 3323 267 3379 in
283 3321 387 3380 schola
403 3322 492 3379 etiam
511 3342 579 3401 quae
602 3322 679 3380 aliis.
700 3322 816 3381 Audiet
830 3323 927 3382 multa
944 3323 1081 3403 quotidie
1101 3323 1237 3402 probari,
1294 3325 1295 3332 ³

237 3417 479 3494 multac0r1·igi;
506 3417 692 3476 excitabitur
715 3419 804 3477 laude
831 3419 1001 3493 aemulatio;
1030 3426 1119 3498 turpe
1147 3419 1241 3478 ducet

236 3513 345 3572 cedere
378 3513 453 3593 pari,
491 3514 655 3592 pulchrum
688 3536 847 3594 superasse
880 3517 1022 3596 majores¹
1055 3516 1238 3575 Accendunt

237 3610 340 3669 omnia
358 3609 424 3667 haec
442 3609 575 3683 animos;
600 3618 631 3670 et
652 3612 723 3670 licet
743 3613 808 3691 ipsa
830 3614 940 3672 vitium
960 3613 1000 3672 sit
1018 3612 1157 3684 ambitio,
1177 3613 1239 3672 fre-

236 3712 368 3786 quenter
378 3714 481 3764 tamen
494 3727 585 3766 causa
599 3709 749 3766 virtutum
763 3718 820 3769 cst.

655 3886 753 3946 2713
773 3924 807 3934 ..
