2682 4258
510 165 635 204 MORALE.
659 179 698 188 -
719 163 904 202 curiosorum

329 346 415 403 446.
436 348 529 404 sens
548 351 593 404 de
612 345 816 418 l’allegorle
836 349 903 404 des
923 345 1081 404 Sirenes.

150 487 154 493 ’
208 474 304 558 (Quid
317 475 487 537 sibivelint
501 497 631 560 eaquae
645 477 683 538 de
697 476 847 538 Sirenum
860 476 1004 537 cantibus
1019 477 1094 554 ficta
1108 475 1210 556 sunt.)

141 699 194 762 Νι.
246 696 363 756 Tantus
379 705 426 756 est
440 696 564 757 innatus
575 698 606 757 in
618 699 707 757 nobis
719 698 903 776 cognitionis
914 718 1000 756 amor
1014 703 1044 756 et
1057 694 1209 768 scientiae,

209 799 244 852 ut
255 811 348 852 nemo
364 794 505 853 dubitare
520 795 618 874 possit
632 795 707 875 quin
727 795 764 854 ad
785 816 834 854 eas
856 813 904 854 res
922 793 1081 853 hominum
1100 800 1209 852 natura

208 888 294 948 nullo
315 890 526 950 emolumento
546 891 676 952 invitata
699 893 847 971 rapiatur.
872 892 1058 951 Videmusne
1075 896 1108 948 ut
1122 890 1211 969 pueri

208 1006 246 1044 ne
260 987 519 1064 castigationibus
534 987 658 1068 quidem
678 1009 695 1047 a
714 988 960 1068 contemplandis
980 987 1070 1046 rebus
1085 987 1212 1067 perqui-
1305 1005 1307 1013 ¹

208 1083 371 1164 rendisque
394 1084 636 1144 deterreantur?
664 1091 700 1143 ut
721 1085 801 1165 pulsi
830 1087 1012 1144 recurrant?
1035 1092 1070 1144 ut
1093 1083 1211 1163 aliquid

207 1179 285 1238 scire
308 1201 340 1238 se
364 1181 531 1258 gaudeant,
559 1190 590 1240 et
614 1182 681 1240 aliis
704 1202 826 1241 narrare
848 1181 1003 1259 gestiant?
1026 1187 1060 1240 ut
1084 1199 1210 1259 pompa,

208 1275 298 1350 ludis,
324 1285 415 1357 atque
443 1278 597 1357 ejusmodi
624 1279 805 1358 spectaculis
821 1284 995 1346 teneantur,
1017 1277 1057 1336 ob
1081 1295 1222 1360 eamque¹

208 1393 271 1431 rem
294 1373 342 1432 vel
364 1374 475 1432 famem
501 1382 531 1433 et
553 1375 634 1434 sitim
656 1377 820 1454 perferant.
839 1374 918 1441 Quid
940 1377 1035 1434 vero?
1052 1373 1104 1453 qui
1127 1373 1213 1450 inge·

99 1513 101 1522 a
144 1461 146 1466 ’
203 1469 278 1542 Ιῐιιιὶε
305 1470 415 1529 studiis
441 1479 534 1551 atque
562 1472 683 1531 artibus
711 1471 913 1543 delectantur,
939 1491 1041 1530 nonne
1069 1470 1214 1530 videmus

207 1587 260 1625 eos
284 1588 339 1627 nec
363 1567 552 1628 valetudinis
579 1589 634 1627 nec
660 1569 703 1627 rei
728 1569 889 1628 familiaris
909 1568 1022 1626 habere
1046 1567 1212 1638 rationem,

208 1663 371 1744 omniaque
386 1665 517 1745 perpeti,
544 1665 727 1743 cognitione
748 1666 812 1745 ipsa
835 1673 865 1724 et
897 1665 1024 1724 scientia
1046 1671 1163 1743 captos,
1182 1671 1214 1722 et

207 1781 277 1822 cum
290 1762 430 1820 maximis
447 1762 528 1820 curis
543 1771 576 1841 et
593 1761 752 1820 laboribus
766 1783 964 1843 compensare
979 1783 1057 1834 eam,
1074 1781 1167 1841 quam
1180 1759 1211 1817 in

208 1858 354 1918 discendo
382 1858 515 1938 capiant,
546 1858 764 1938 voluptatem?
799 1859 876 1918 Mihi
906 1859 1028 1940 quidem
1058 1859 1214 1916 Homerus

209 1955 385 2035 hujusmodi
403 1955 552 2034 quiddam
569 1955 682 2014 vidisse
693 1954 820 2014 videtur
835 1956 865 2014 in
882 1956 918 2013 iis
934 1975 1001 2035 quae
1017 1954 1212 2027 deSirenum

207 2053 348 2111 cantibus
363 2051 485 2111 finxerit
504 2071 510 2112 :
529 2073 629 2135 neque
648 2052 731 2111 enim
751 2073 862 2111 vocum
885 2053 1036 2111 suavitate
1052 2050 1210 2121 videntur,

134 2170 137 2177 '
208 2161 262 2214 aut
285 2154 421 2212 novitate
445 2154 577 2236 quadam
604 2161 636 2212 et
655 2155 803 2212 varietate
827 2153 971 2212 cantandi
991 2171 1135 2211 revocare
1159 2171 1213 2210 eos

207 2249 307 2311 solitae
322 2251 375 2330 qui
391 2251 712 2330 praetervehebantur‚
730 2251 783 2309 sed
798 2251 870 2330 quia
886 2250 981 2308 multa
997 2270 1028 2308 se
1043 2250 1121 2307 scire
1142 2267 1216 2327 pro·‚

208 2347 383 2420 fitebantur,
400 2356 434 2406 ut
450 2348 589 2406 bomine·
608 2347 647 2407 ad
667 2368 772 2406 earum
793 2367 866 2406 saxa
887 2346 1023 2405 discendi
1042 2343 1235 2424 cupiditate·¹

207 2443 461 2504 adhaerescerent.
478 2445 523 2503 lta
537 2445 617 2526 enim
632 2443 767 2504 invitant
783 2435 927 2524 Ulyssem
945 2461 952 2504 :

248 2539 273 2599 Ο
296 2541 388 2600 decus
410 2541 600 2620 Argolicum,
624 2541 702 2622 quin
723 2540 853 2621 puppim
877 2540 988 2612 flectis,
1013 2537 1152 2619 Ulysses‚

248 2638 384 2696 Auribus
407 2647 441 2697 ut
465 2621 587 2696 nostros
608 2639 708 2718 possis
729 2628 896 2716 agnoscere
918 2636 1052 2697 cantus?

248 2735 325 2793 Nam
350 2756 438 2794 nemo
458 2737 523 2794 haee
541 2755 685 2814 umquam
704 2743 750 2794 est
765 2743 959 2794 transvectus
979 2730 1089 2791 caerula
1104 2751 1213 2804 eursu,

248 2831 329 2899 Quin
351 2834 434 2910 prius
457 2832 613 2891 adstiterit
634 2853 744 2890 vocum
767 2831 928 2890 dulcedine
950 2837 1074 2909 captus;

250 2929 333 3000 Post,
357 2929 452 2988 variis
474 2929 566 2988 avido
588 2930 720 2986 satiatus
741 2937 864 3008 pectore
886 2928 994 3001 musis,

249 3025 377 3085 Doctior
397 3026 435 3084 ad
460 3027 575 3105 patrias
597 3025 699 3104 lapsus
721 3027 896 3105 pervenerit
916 3045 995 3083 oras.

209 3122 294 3180 Vidit
319 3123 474 3181 Homerus
499 3123 623 3202 probari
646 3121 780 3180 fabulam
807 3143 868 3180 non
893 3143 992 3202 posse,
1017 3118 1042 3178 si
1068 3117 1216 3179 cantiun-

208 3219 286 3278 culis
299 3226 402 3277 tantus
418 3220 467 3277 vir
482 3220 622 3278 irretitus
636 3227 802 3277 teneretur.
820 3219 984 3277 Scieutiam
1001 3217 1186 3297 pollicentur
1203 3233 1212 3275 τ
1228 3292 1233 3302 Ι

209 3336 300 3394 quam
318 3336 383 3374 non
401 3324 467 3375 erat
481 3317 591 3374 mirum
611 3315 768 3394 sapientiae
785 3316 898 3394 cupido
916 3314 1013 3395 patria
1029 3333 1093 3372 esse
1110 3311 1215 3370 cario·

209 3431 283 3469 rem.
301 3415 404 3492 Atque
420 3413 522 3471 omnia
546 3411 667 3492 quidem
693 3412 780 3483 seire,
800 3413 1021 3491 cujuscumque
1036 3408 1119 3468 modi
1134 3408 1211 3480 sint,

208 3528 333 3586 cupere,
346 3509 537 3567 curiosorum
550 3528 556 3581 ;
573 3509 645 3568 duci
658 3530 731 3568 vero
746 3509 896 3588 majorum
911 3527 1012 3566 rerum
1023 3504 1214 3584 contempla·

209 3605 292 3663 tione
316 3605 354 3663 ad
391 3606 592 3685 cupiditatem
622 3606 770 3679 scientiar,
789 3625 979 3664 summorum
1002 3603 1138 3662 virorum
1164 3609 1215 3661 est

209 3701 394 3781 putandum.

634 3889 788 3943 -324-
