2682 4258
319 203 452 240 LETTRES.
474 217 513 226 ·-·
534 203 677 242 SCIENCES.
700 219 738 228 —
760 202 898 240 savAn‘Ts.
921 216 949 223 -
991 204 1182 244 Ptlltosortffls

244 321 338 388 recta,
367 334 402 372 ac
429 313 519 394 petiit
542 335 583 374 aes
599 313 656 374 sibi
676 313 753 386 dari,
779 313 811 372 in
835 335 928 394 panes
948 313 1095 372 emendos
1115 313 1244 372 scilicet.

243 411 321 469 Tum
339 410 476 470 Herodes
499 411 668 489 interrogat
687 411 828 490 quisnam
852 419 942 471 esset.
968 412 1070 490 Atque
1092 410 1143 468 ille
1155 409 1248 468 vultu

243 508 409 587 sonituque
424 507 508 567 vocis
526 506 736 588 objurgatorio
752 507 970 588 philosophum
985 527 1051 566 sese
1068 527 1134 566 esse
1155 506 1245 578 dicit,

243 611 275 662 et
296 605 401 664 mirari
428 626 551 686 quoque
579 605 664 664 addit
687 625 743 663 cur
769 604 970 685 quaerendum
995 611 1134 684 putasset
1161 603 1249 684 quod

243 700 373 760 videret.
392 700 526 775 «Video,
541 701 641 782 inquit
658 700 807 774 Herodes,
822 701 946 759 barbam
967 709 997 759 et
1015 700 1160 780 pallium3
1177 699 1249 780 phi-

242 797 406 877 losophum
423 799 561 870 nondum
575 798 677 856 video,
691 798 803 866 Quaeso
818 805 920 856 autem
937 804 966 856 te
977 818 1047 856 cum
1061 797 1141 856 bona
1155 797 1249 856 venia

242 893 327 952 dicas
345 895 419 952 mihi
439 895 549 974 quibus
567 916 623 953 nos
647 895 693 956 uti
713 915 803 974 posse
823 894 1011 972 argumentis
1031 894 1189 952 existimas
1213 901 1250 952 ut

242 1011 308 1050 esse
322 999 350 1049 te
365 991 583 1071 philosophum
598 991 811 1052 noscitemus‘?
829 1016 843 1046 »
869 991 996 1050 Interibi
1012 990 1132 1071 aliquot
1144 1011 1182 1049 ex
1196 990 1247 1063 iis,

240 1089 378 1168 quicum
396 1087 518 1147 Herode
532 1095 630 1156 erant,
647 1088 811 1147 erraticum
827 1109 893 1146 esse
906 1087 1061 1146 hominem
1084 1087 1198 1158 dicere,
1215 1095 1248 1146 et

241 1185 417 1258 nulliusrei‚
432 1185 627 1263 incolamque
636 1206 702 1244 esse
715 1184 906 1243 sordentium
916 1205 1083 1264 ganearum
1099 1203 1106 1256 ;
1120 1205 1168 1254 ac,
1187 1184 1248 1244 nisi

241 1282 373 1361 accipiat
385 1283 468 1363 quod
479 1282 567 1361 petit,
576 1281 717 1341 convicio
733 1281 814 1361 turpi
825 1282 949 1340 solitum
965 1282 1128 1340 incessere.
1140 1283 1248 1360 Atque

241 1379 283 1438 ibi
303 1379 459 1438 Herodes:
479 1379 636 1450 «Demus,
662 1377 774 1458 inquit,
792 1378 863 1437 huic
889 1377 1004 1459 aliquid
1030 1378 1110 1450 aeris‚
1127 1377 1250 1436 cuicui-

241 1474 324 1536 modi
342 1483 398 1546 est,
415 1483 572 1558 tamquam
590 1474 740 1548 homines,
756 1496 818 1534 non
836 1483 994 1555 tamquam
1018 1474 1147 1535 homini.
1167 1498 1182 1528 »
1207 1474 1249 1534 Et

236 1572 331 1652 jussit
342 1571 407 1630 dari
420 1574 554 1651 pretium
568 1572 657 1651 panis
675 1571 801 1650 triginta
818 1571 946 1631 dierum.
971 1571 1049 1630 Tum
1070 1591 1122 1629 eos
1141 1571 1250 1651 adspi-

239 1669 325 1728 ciens
342 1669 393 1748 qui
407 1689 476 1727 eum
492 1669 689 1727 sectabantur
706 1687 712 1728 :
728 1692 740 1724 a
753 1667 925 1740 Musonius,
945 1667 1057 1749 inquit,
1077 1675 1249 1727 aeruscanti
1334 1669 1335 1674 '

239 1765 373 1844 cuipiam
389 1765 419 1823 id
433 1785 539 1844 genua¹
557 1764 776 1845 philosophum
789 1785 854 1823 sese
874 1764 1053 1837 ostentanti,
1070 1763 1138 1824 dari
1150 1764 1250 1845 jussit
1334 1819 1335 1834 ἶ

241 1861 323 1920 mille
338 1883 514 1935 nummum;
530 1871 570 1934 et,
588 1883 657 1921 cum
668 1862 806 1941 plerique
821 1862 960 1920 dicerent
975 1860 1161 1920 nebulonem
1178 1883 1250 1922 esse
1334 1859 1335 1906 i

241 1959 407 2030 hominem,
422 1959 547 2032 malum,
558 1967 588 2018 et
603 1959 802 2028 malitiosum,
818 1967 849 2017 et
861 1959 943 2016 nulla
957 1979 988 2016 re
1004 1958 1083 2017 bona
1100 1958 1247 2036 dignum,

240 2063 305 2114 tum
324 2056 500 2114 Musonium
520 2055 729 2114 subridentem
754 2054 866 2114 dixisse
889 2055 999 2115 aiunt:
1018 2079 1031 2109 a
1048 2055 1171 2133 Dignus
1188 2057 1249 2134 igi-

240 2161 291 2210 tur
303 2161 349 2211 est
362 2161 501 2230 argento.
520 2179 533 2208 »
550 2153 609 2212 Sed
626 2153 684 2211 hoc
699 2153 802 2232 potius
813 2151 910 2210 dolori
929 2152 1003 2210 mihi
1017 2160 1047 2210 et
1062 2153 1247 2230 aegritudini
1333 2227 1334 2240 ἢ

239 2249 377 2328 estquod
391 2250 561 2308 istiusmodi
575 2250 718 2309 animatia
734 2270 843 2329 spurca
858 2257 950 2328 atque
967 2249 1114 2329 probrosa
1128 2271 1248 2314 nomen

227 2354 390 2426 ¹usurpent
407 2347 633 2408 sanctissimum
655 2355 686 2406 et
699 2346 877 2428 philosophi
892 2344 1097 2426 appellentur.
1114 2369 1129 2400 »
