2656 4258
631 191 720 228 naon·
739 175 824 228 vaE'

228 300 384 381 auspiciis,
401 309 455 360 331
468 301 664 361 excusat1one
679 301 813 376 sustulit
832 309 896 362 1013
910 324 1001 362 03333
1013 303 1230 384 judiciumque

188 434 193 488 3
229 397 382 458 sublatum
399 405 455 459 est
476 399 551 457 Haec
564 419 634 458 cum
654 399 787 472 itasint,
806 400 880 478 quid
896 399 1053 477 indignius
1066 419 1167 479 quam
1175 421 1229 480 qui

184 485 187 489 ¹
229 495 909 576 3303330133331113333333333011,33
935 517 1033 575 neque
1055 505 1228 570 accusatus,

1318 193 1319 244 l

1318 351 1319 414 J

1318 393 1319 450 l

228 591 309 650 de
284 612 350 672 3133
366 592 477 671 capite
494 592 643 663 liberis,l
643 600 691 650 or
694 614 762 651 unis
781 592 935 662 omnibus,
955 594 1136 663 conductos
1153 594 1232 652 sica·

229 689 299 760 rios,
321 709 397 766 egen
401 698 497 748 ese
518 688 654 768 perditos
678 690 856 766 suffragium
879 689 969 761 ferre,
993 697 1024 748 et
1043 711 1108 762 eam
1130 689 1229 767 legem

228 785 361 863 putare?
384 786 498 844 Vetant
516 785 597 862 leges
619 792 745 844 sacratae
750 793 888 855 ,331331
914 786 1083 856 Duodecim
1104 785 1230 846 Tabulae

228 880 309 958 leges
325 881 419 960 privis
438 881 639 941 hominibus
632 882 785 958 irrogari:
800 882 898 940 idt
851 891 898 940 est
915 884 994 942 enim
1017 882 1228 989 privilegium

229 977 326 1035 Nemo
349 997 493 1056 umquam
511 978 606 1037 tulit:
617 977 705 1036 nihil
724 984 771 1036 est
759 979 956 1048 terudelius,
981 977 1057 1036 nihil
1080 978 1230 1058 pernicio·

228 1073 303 1144 3133,
317 1073 393 1133 nihil
411 1075 494 1152 quod
511 1075 613 1133 minus
631 1073 696 1132 haee
716 1075 824 1132 civitas
844 1075 924 1134 ferre
945 1076 1053 1154 possit
1073 1074 1232 1153 Proscrip-

228 1170 321 1228 tionis
340 1170 543 1238 miserrimum
562 1191 672 1229 nomen
694 1171 769 1229 illud
795 1172 869 1250 quid
889 1171 981 1230 habet
994 1172 1077 1251 quod
1097 1172 1232 1230 maxime

228 1267 269 1326 sit
287 1267 406 1343 insigne
427 1267 465 1326 ad
484 1267 663 1326 memoriam
684 1267 898 1327 crudelitatis?
919 1268 1036 1348 Opinor
1054 1287 1178 1348 poenam
1199 1269 1232 1328 13

228 1363 312 1424 01333
327 1383 471 1421 romanos
484 1363 624 1422 nominat
626 1364 666 1422 im
683 1364 772 1443 sincJ
767 1353 881 1423 udicio
896 1365 1107 1424 constitutam.

404 1556 488 1615 181.
507 1557 725 1627 L’adoption
744 1559 782 1615 et
800 1550 1062 1628 1NJarrogat10n

461 1661 508 1722 De
529 1661 694 1742 adoptione
715 1667 744 1721 et
765 1660 994 1744 adrogatione.)
1109 1661 1112 1668 ’

164 1837 203 1902 3⁰
269 1819 389 1879 Cum
380 1840 413 1879 ι3
448 1820 578 1880 alienam
611 1819 806 1880 familiam
799 1840 892 1900 inque
926 1820 1092 1880 liberorum
1128 1820 1233 1880 locum

229 1917 365 1976 extranei
385 1924 559 1989 sumuntur,
583 1925 636 1975 331
656 1938 712 1996 per
730 1938 793 1997 prae
797 1925 893 1976 orem
914 1916 959 1987 fit,
979 1924 1033 1975 331
1053 1937 1107 1996 per
1130 1936 1234 1995 popu—

228 2013 303 2073 lum.
328 2013 417 2080 Quod
437 2035 491 2092 per
512 2020 675 2092 praetorem
699 2013 743 2085 fit,
767 2013 892 2094 adoptio
912 2013 1039 2086 dmitur
1068 2013 1151 2093 quod
1176 2034 1234 2092 per

229 2110 390 2217 populum,
410 2110 580 2188 adrogatio
604 2109 802 2188 Adoptantur
823 2117 936 2184 autem,
959 2130 1070 2169 cuma
1089 2117 1231 2189 parente,

229 2206 261 2265 in
276 2207 364 2287 cujus
378 2213 513 2287 potestat
514 2213 625 2278 esunt,
644 2207 733 2264 tertia
746 2206 973 2286 mancipatione
988 2207 1020 2264 in
1031 2206 1100 2285 jure
1115 2206 1233 2264 cedun-

229 2311 290 2376 tur,
322 2311 414 2382 atque
445 2302 483 2361 ab
510 2323 557 2374 e0,
584 2303 637 2383 qui
659 2303 797 2382 adoptat,
826 2303 907 2382 apud
935 2324 1015 2374 eum,
1035 2302 1116 2382 apud
1138 2323 1232 2382 quem

229 2399 1234 2507 1311330110331313111033133.Αι1301,ν3333110131,03ι3331

225 2496 302 2604 juris
318 2503 400 2569 3331,
412 2496 444 2553 13
457 2496 587 2554 alienam
601 2517 666 2554 sese
680 2503 864 2576 potestatem
880 2496 1030 2555 tradunt:
1045 2495 1172 2575 ejusque
1187 2497 1255 2554 331

229 2593 288 2673 ipsi
323 2599 463 2652 auctores
491 2593 581 2652 siunt.
609 2593 668 2652 Sed
699 2593 914 2700 adrogationes
941 2613 1003 2650 non
1030 2600 1143 2650 temere
1174 2613 1233 2651 330

229 2689 420 2770 inexplorate
437 2689 685 2751 committuntur.
698 2689 776 2748 Nam
789 2689 884 2748 comit
886 2689 924 2761 ia,
873 2689 1064 2748 tarbitris
1076 2697 1153 2767 pont
1141 2689 1233 2746 111101-

229 2787 297 2859 bus,
325 2787 512 2867 praebentur,
534 2807 602 2866 quae
631 2785 747 2844 curiata
773 2785 981 2865 appellantur;
1004 2792 1079 2845 3133
1103 2806 1232 2864 quoque

229 2882 802 2992 313333113113013333311,3311113313
821 2883 923 2961 potius
936 2882 1097 2960 gignendis
1117 2881 1232 2942 idonea

228 2981 269 3040 sit
271 2981 449 3058 ,bonaque
475 2981 552 3060 3133,
580 2979 633 3058 qui
657 2979 833 3056 adrogatur,
860 2999 898 3036 ne
927 2979 1073 3038 insidiose
1086 2979 1232 3086 appetita

229 3077 301 3151 3131,
328 3076 551 3137 consideratur.
584 3076 644 3135 Sed
670 3075 812 3154 adrogari
843 3095 905 3134 non
934 3083 1045 3154 potest,
1080 3075 1138 3134 nisi
1164 3077 1232 3155 J'am

228 3175 391 3254 vesticeps.
428 3172 596 3252 Adrogatio
627 3179 729 3232 autem
755 3172 848 3244 dicta,
881 3173 953 3252 quia
980 3193 1075 3250 genus
1107 3172 1205 3231 hoc
1198 3195 1232 3232 1n

228 3270 359 3334 alienam
374 3270 520 3330 familiam
536 3269 682 3328 transitus
696 3289 751 3348 per
764 3268 870 3348 populi
885 3269 1077 3345 rogationem
1092 3268 1137 3327 lit.
1154 3269 1232 3348 Ejus

229 3365 398 3444 rogationis
420 3364 512 3424 verba
534 3365 599 3424 haec
618 3372 691 3424 sunt
711 3383 718 3425 :
736 3364 888 3438 «Velitis,
907 3365 1053 3444 jubeatis,
1078 3363 1227 3444 Quirites,

230 3465 274 3522 uti
284 3463 396 3522 Lucius
410 3462 551 3522 Valerius
565 3461 661 3521 Lucio
675 3462 756 3520 Titio
773 3468 835 3519 tam
844 3461 915 3541 jure
930 3461 1057 3541 legeque
1074 3460 1156 3520 filius
1171 3462 1233 3522 siet

229 3581 321 3640 quam
340 3559 366 3619 si
384 3580 421 3618 ex
442 3579 478 3618 eo
497 3565 584 3640 patre
607 3565 765 3638 matreque
786 3558 917 3616 familias
939 3559 1005 3638 3133
1027 3565 1117 3617 33133
1136 3568 1229 3632 33331,

230 3657 335 3737 utique
347 3656 375 3716 31
389 3655 461 3716 vitae
476 3656 620 3735 necisque
635 3655 667 3714 in
682 3675 752 3716 eum
767 3662 902 3735 potestas
918 3655 977 3714 siet
992 3655 1036 3715 uti
1051 3654 1132 3734 patri
1149 3655 1232 3716 endo

230 3754 293 3812 filio
310 3760 366 3813 est.
385 3753 460 3812 Haec
473 3752 516 3811 ita
532 3751 579 3810 uti
601 3752 664 3811 dixi
681 3751 724 3811 ita
738 3773 805 3826 303,
820 3752 965 3825 Quirites,
985 3771 1071 3830 rogo.
1093 3775 1107 3806 »

652 3911 805 3963 ..30-
