2682 4258
175 178 259 269 4⁸⁵3
281 180 328 235 Le
349 190 452 248 sege,
473 177 624 247 d’apres
642 179 682 235 la
698 177 842 235 theorie
863 179 1077 238 stototenne.

195 271 291 352 (Quid
311 272 351 333 sit
372 273 497 354 sapiens
517 271 688 333 seeundum
709 272 846 334 Stot'cam
867 273 1066 356 doctrinam.)

165 440 262 508 Quam
274 441 387 520 gravis
402 462 494 521 quarn
506 439 683 519 magnifica,
699 463 790 522 quam
806 451 949 503 constans
963 443 1127 502 conficitur
1152 416 1194 480 2⁹

126 559 256 617 persona
277 539 443 618 sapientis}
468 539 531 618 qui,
555 559 624 597 cum
649 539 727 597 ratio
746 539 885 598 docuerit
904 540 987 620 quod
1014 539 1126 598 hones-

125 642 191 693 tum
216 644 296 694 esset
315 635 346 694 id
363 657 428 694 esse
455 635 553 694 solum
576 636 703 706 bonum,
734 657 854 715 semper
872 638 912 696 sit
934 658 1057 695 necesse
1079 639 1126 695 est

124 733 233 791 beatus
249 721 382 812 vereque
403 732 506 790 omnia
520 731 579 791 ista
598 732 723 792 nomina
738 733 903 812 possideat,
922 755 991 813 quae
1005 732 1124 790 irrideri

123 829 163 888 ab
180 829 331 909 imperitis
353 829 463 890 solent.
493 829 619 888 Rectius
645 829 726 887 enim
743 829 949 909 appellabitur
965 851 1018 888 rex
1032 825 1124 910 quarn

121 926 320 1004 Tarquiniae,
343 927 397 1004 qui
417 946 473 984 nec
501 947 532 984 se
561 947 617 984 nec
641 947 711 984 suos
736 947 840 1003 regere
865 922 985 1006 potuit;
1010 927 1125 985 rectius

123 1023 269 1100 magister
296 1023 403 1102 populi
430 1022 468 1102 (is
495 1021 575 1081 enim
603 1029 649 1081 est
673 1023 817 1102 dictator)
843 1045 935 1103 quam
956 1023 1051 1097 Sulla,
1071 1025 1124 1103 qui

128 1120 222 1178 trium
237 1120 454 1200 pestiferorum
469 1119 626 1189 vitiorum,
639 1119 779 1189 luxuriae,
797 1119 943 1190 avaritiae,
960 1119 1124 1179 crudelita-

123 1219 162 1276 tis
178 1218 324 1294 magister
344 1217 422 1289 fnit;
449 1217 562 1275 rectius
586 1216 672 1275 dives
696 1238 788 1296 quam
814 1217 952 1290 Crassus,
975 1217 1039 1296 qui,
1065 1219 1122 1278 nisi

122 1314 268 1392 eguisset,
293 1334 460 1393 numquam
482 1313 670 1395 Euphratem
696 1314 779 1372 nulla
799 1313 870 1372 belli
885 1335 976 1373 cansa
993 1314 1123 1373 transire
1215 1309 1218 1314 ’

122 1410 407 1472 voluisset.·Reete
431 1411 498 1490 ejus
517 1411 619 1470 omnia
634 1411 786 1484 dicentur,
809 1411 861 1490 qui
892 1411 949 1469 scit
974 1411 1016 1469 uti
1040 1411 1123 1469 solus

121 1507 277 1569 omnibus,
300 1508 395 1567 Recte
418 1509 508 1567 etiam
530 1507 659 1586 pulcher
676 1507 905 1587 appellabitur:
925 1507 1019 1566 animi
1040 1507 1122 1566 enim

120 1605 307 1664 lineamenta
335 1612 408 1663 sunt
430 1605 590 1684 pulchiora
617 1624 709 1684 quam
738 1605 885 1683 eorporis.
914 1603 1010 1663 Recte
1039 1604 1122 1663 solus

120 1701 211 1774 liber,
236 1722 292 1760 nec
312 1701 516 1761 dominationi
538 1702 720 1782 cujusquam
742 1721 862 1780 parens,
882 1721 939 1760 nec
955 1701 1122 1760 oboediens

122 1798 307 1878 cupiditati;
328 1806 410 1857 recte
438 1798 583 1864 invictus
605 1797 692 1875 cujus
710 1797 828 1856 etiamsi
845 1818 956 1876 corpus
969 1798 1121 1858 constrin-

109 1894 222 1972 gatur,
257 1896 357 1954 animo
385 1903 489 1954 tamen
517 1893 640 1952 vincula
656 1894 742 1974 injici
760 1894 844 1953 nulla
860 1895 993 1974 possint,
1023 1915 1123 1974 neque

118 1999 279 2072 exspectet
294 1991 390 2051 ullum
407 2000 527 2071 tempus
547 1991 657 2064 aetatis,
676 1999 710 2050 ut
724 1998 790 2049 tum
806 1991 939 2071 denique
952 1990 1120 2071 judicetur,

119 2091 269 2148 beatusne
286 2088 389 2160 fuerit,
405 2087 476 2147 cum
499 2096 671 2147 extremum
688 2088 760 2147 vitae
773 2088 854 2146 diem
870 2095 968 2145 morte
983 2088 1121 2147 confece-

120 2187 169 2246 rit.
195 2185 286 2253 Quod
311 2185 336 2244 si
357 2185 399 2244 ita
424 2192 480 2256 est,
504 2194 539 2245 ut
555 2205 656 2264 neque
678 2185 852 2264 quisquam,
870 2183 930 2242 nisi
946 2184 1047 2244 bonus
1062 2185 1120 2258 vir,

117 2290 150 2341 et
169 2303 277 2341 ornnes
297 2282 370 2342 boni
394 2282 477 2341 beati
493 2283 568 2356 sint,
590 2282 664 2361 quid
686 2281 882 2362 philosophia
903 2280 1000 2359 magis
1018 2281 1122 2341 colen·
1211 2273 1213 2280 ⁴

117 2380 205 2452 dum,
221 2385 275 2438 aut
290 2379 365 2458 quid
383 2387 428 2438 est
442 2380 555 2438 virtute
572 2377 726 2438 divinius?

319 2565 404 2625 486.
426 2567 479 2622 La
498 2566 605 2634 mort,
624 2564 673 2620 loi
692 2563 926 2620 universelle.

299 2661 357 2742 (De
379 2667 487 2728 morte,
507 2659 666 2718 communi
686 2658 827 2719 omnium
849 2658 943 2741 lepe.)

198 2810 354 2890 Quidquid
378 2811 556 2881 solonem,
581 2809 729 2889 quidquid
753 2817 784 2867 et
805 2808 949 2866 occidens
1148 2782 1189 2846 3⁸

198 2909 303 2978 Novit,
327 2908 475 2966 caeruleis
498 2907 638 2966 Oceanus
661 2907 744 2965 lretis

196 3004 356 3084 Quidquid
378 3005 427 3063 vel
449 3005 576 3062 veniens
599 3003 647 3062 vel
670 3005 790 3081 lugiens
812 3002 904 3075 lavat,

197 3103 286 3160 AEtas
309 3102 443 3179 Pegaseo
466 3101 612 3180 corripiet
634 3101 740 3179 gradu.

89 3270 91 3276 Ι
198 3199 268 3266 Quo
289 3198 336 3256 bis
358 3220 429 3256 sena
451 3199 557 3257 volant
580 3197 676 3256 sidera
699 3197 832 3268 turbine,

89 3287 90 3294 ἵ
195 3297 265 3363 Quo
286 3316 378 3354 cursu
400 3302 545 3375 properat
567 3295 687 3354 saecula
709 3294 833 3352 volvere

197 3396 360 3452 Astrorum
383 3393 537 3464 dominus,
562 3413 623 3472 quo
645 3399 792 3471 properat
813 3389 904 3448 modo

89 3487 90 3492 ¹
196 3489 341 3569 Obliquis
364 3489 480 3548 Hecate
496 3509 617 3547 currere
639 3489 779 3559 flexibus

202 3579 269 3646 Hoc
290 3608 396 3645 omnes
419 3587 552 3665 petimus
574 3586 658 3659 fata3
682 3605 737 3644 nec
759 3583 900 3662 ampliuS,

193 3684 323 3742 duratos
345 3685 469 3762 Superis
492 3683 544 3762 qui
568 3683 667 3759 tetigit
689 3683 782 3753 lacae,

203 3781 340 3860 Usquam
362 3788 417 3838 est.
444 3780 485 3838 Ut
506 3779 612 3838 calidis
634 3779 736 3837 l'umus
759 3778 797 3836 ab
820 3779 941 3855 ignibus

543 3921 698 3972 -355-
