2678 4250
326 191 623 251 aramvrtanon
643 161 796 248 aornar.

368 417 433 500 (Ad
459 439 567 480 cenam
594 416 760 494 invitatio.)

1071 805 1126 864 nu.

129 831 250 892 Fercula
273 853 359 893 nune
381 833 464 908 audi,
488 832 580 892 nullis
602 839 710 894 ornata
730 830 875 892 macellis.

131 929 172 988 De
193 929 357 989 Tiburtino
379 930 482 989 veniet
504 929 724 1010 pinguissimus
745 948 818 1007 agro

126 1025 271 1084 Haedulus
294 1033 324 1086 et
344 1033 412 1086 toto
435 1047 526 1105 grege
548 1026 679 1098 mollior,
703 1023 818 1084 inscius
839 1013 951 1093 herbae,
998 1011 1037 1064 T'
1139 1003 1144 1055 l

126 1121 262 1182 Necdum
285 1143 377 1182 ausus
400 1124 502 1202 virgas
525 1122 648 1182 humilis
670 1122 811 1182 mordere
831 1119 941 1191 salicti,
1036 1203 1039 1208 1

126 1218 182 1286 Qui
204 1219 274 1300 plus
295 1218 383 1279 lactis
406 1220 502 1279 habet
523 1240 614 1299 quam
637 1219 810 1298 sanguinis;
833 1225 864 1278 et
883 1214 1022 1275 montani

124 1315 282 1395 Asparagi,
306 1315 408 1395 posito
430 1337 511 1395 quos
533 1315 607 1395 legit
628 1316 717 1376 vilica
739 1315 820 1376 fuso.
857 1317 860 1324 “

123 1409 256 1473 Grandia
278 1419 426 1492 praeterea
448 1419 591 1493 tortoque
612 1412 744 1472 calentia
764 1411 845 1471 faeno

22 1539 24 1570 ι
123 1507 186 1566 Ova
208 1507 333 1582 adsunt,
356 1509 432 1589 ipsis
454 1529 523 1568 cum
546 1508 707 1583 matribus,
731 1518 762 1568 et
783 1513 911 1568 servatae

22 1617 24 1638 t
123 1602 210 1678 Parte
233 1605 317 1678 anni,
341 1604 446 1685 quales
468 1605 590 1665 fuerant
611 1606 642 1664 in
664 1606 883 1680 vitibus,uvae;
964 1603 965 1610 '

22 1723 23 1746 ³
122 1700 283 1778 Signinum
306 1701 492 1782 Syriumque
513 1702 625 1781 pirum,
650 1701 688 1760 de
709 1699 852 1760 corbibus
873 1699 968 1786 isdem

22 1801 24 1822 '
122 1797 252 1866 AEmula'
269 1798 389 1858 Picenis
411 1806 441 1856 et
463 1798 567 1857 odoris
589 1798 667 1857 mala
689 1797 832 1869 recentis,

22 1887 23 1908 l
124 1894 187 1953 Neo
208 1894 373 1954 metuenda
395 1895 463 1958 tibi.
487 1895 635 1954 siccatum
657 1894 770 1972 frigore
793 1885 954 1973 postquam
1057 1899 1065 1982 ’γ

122 1991 314 2049 Autumnum
336 1998 367 2050 et
388 1992 474 2050 crudi
496 2012 625 2071 posuere
647 1990 781 2070 pericula
803 1989 880 2050 suci.

125 2087 198 2146 Haec
220 2087 293 2146 olim
316 2087 412 2146 nostri
434 2088 497 2167 jam
520 2087 676 2147 luxuriosa
700 2087 830 2147 Senatus

123 2181 203 2243 Cena
226 2183 296 2244 luit.
320 2184 444 2257 Curius,
470 2205 565 2264 parvo
586 2205 655 2264 quae
677 2185 792 2263 legerat
813 2184 913 2256 horto,

23 2305 25 2332 ÷
126 2275 190 2358 lpse
211 2281 290 2340 locis
311 2281 458 2340 brevibus
480 2281 615 2361 ponebat
637 2281 788 2355 oluscula,
811 2297 880 2361 quae
901 2299 984 2339 nunc

24 2393 25 2396 ’
122 2375 286 2457 Squalidus
308 2377 339 2436 in
362 2399 473 2457 magna
495 2377 614 2437 fastidit
635 2378 784 2458 compede
808 2376 917 2437 fossor.
1037 2363 1040 2370 ¹

24 2471 26 2542 ζ
122 2472 200 2532 Sicci
221 2475 404 2554 terga,suiS‚
428 2496 496 2534 rara
519 2475 687 2554 pendentia
710 2481 804 2547 crate,

24 2609 25 2639 p
123 2567 217 2628 Moris
239 2577 305 2630 erat
326 2572 482 2651 quondam
505 2571 591 2630 lestis
613 2591 735 2631 servare
757 2570 877 2642 diebus¹

25 2701 26 2717 κ
124 2667 168 2724 Ac
189 2667 369 2738 natalicium
392 2669 533 2746 cognatis
556 2687 670 2747 ponere
692 2667 823 2740 lardum,

25 2803 27 2850 ξ
124 2763 298 2823 Accedente
321 2785 413 2836 nova,
437 2764 461 2824 si
484 2785 576 2844 quam
597 2765 687 2824 dabat
712 2765 822 2836 hostia,
848 2785 949 2825 carne.

25 2855 28 2940 l
126 2857 334 2938 Cognatorum
356 2861 477 2942 aliquis,
501 2861 592 2920 titulo
606 2864 662 2920 'ter
685 2855 829 2921 Consulis
850 2869 942 2940 atquc

26 2943 28 2960 l
128 2953 303 3017 Castrorum
325 2958 463 3037 imperiis
485 2965 516 3017 et
538 2958 705 3018 Dictatoris
728 2958 845 3016 honore

128 3051 259 3114 Functus
280 3054 318 3114 ad
341 3055 394 3114 has
415 3055 521 3134 epulas
543 3054 634 3114 solito
657 3055 808 3114 maturius
830 3055 904 3127 ibat,

127 3147 265 3222 Eiectum
287 3150 405 3210 domito
427 3151 562 3211 referens
585 3172 602 3212 a
623 3158 727 3211 monte
748 3150 893 3230 ligonem.
