2670 4252
246 187 305 244 65.
328 189 385 244 Un
407 188 541 242 maltro
569 187 660 242 aun
681 185 781 242 elene
794 197 1012 254 parasseux.

279 307 443 390 (lllaqister
459 307 590 390 piprum
611 307 801 390 discipulum
823 306 984 388 increpat.)

126 484 146 519 a
173 465 291 546 Nempe
312 466 378 526 baec
399 468 545 527 assidue?
564 467 632 526 Jam
654 467 768 526 clarum
791 461 880 524 mane
903 465 1051 524 fenestras
1140 445 1194 502 ¹³¹¹·

130 561 242 632 Intrat,
267 571 297 620 et
319 572 463 642 angustas
485 565 623 624 extendit
644 565 758 623 lumine
780 563 890 634 rimas;

129 658 298 717 Stertimus
322 659 505 718 indomitum
529 661 610 742 quod
634 661 816 739 despumare
839 659 1001 718 Falernum

129 755 281 830 Sufficiat,
306 757 412 836 quinta
434 757 507 816 dum
531 757 610 815 linea
633 757 771 835 tangitur
793 757 911 816 umbra.

129 851 178 909 En
202 853 275 932 quid
299 854 389 932 agis?
411 853 512 913 Siccus
534 854 639 912 insana
662 855 797 913 canicula
821 874 934 912 messes

126 948 201 1007 Jam
216 949 333 1008 dudum
347 952 464 1032 coquit,
480 959 511 1009 et
526 951 630 1030 patula
643 972 736 1030 pecus
752 972 841 1010 omne
859 951 916 1009 sub
933 950 1020 1007 -ulmo
1036 957 1082 1007 est
1093 975 1105 1002 ¹>
1123 967 1129 1008 :

130 1045 222 1104 Unus
247 1047 291 1105 ait
315 1049 475 1107 comitum.
503 1083 544 1091 —
571 1073 586 1103 a
609 1049 787 1132 Verqmne?
813 1049 922 1107 itane‘l
944 1046 1029 1104 ocius
1052 1045 1133 1104 adsit
1165 1075 1169 1084 ¹

129 1143 204 1201 Huc
226 1141 354 1223 aliquis!
379 1145 526 1204 nemon'?
549 1170 563 1200 u
587 1180 624 1188 -
645 1145 806 1222 Turgescit
827 1145 923 1202 vitrea
945 1142 1014 1202 bilis
1037 1160 1045 1204 2

129 1239 155 1297 F
159 1239 277 1298 inditur
300 1259 307 1300 ι
331 1241 481 1300 Arcadiae
504 1242 646 1320 pecuaria
668 1241 776 1299 rudere
799 1239 892 1300 dicas.

127 1336 200 1394 lam
224 1336 311 1409 liber,
335 1347 366 1397 et
387 1338 495 1418 positis
517 1338 634 1397 bicolor
654 1338 830 1398 membrana
852 1337 970 1417 capillis

130 1433 231 1512 Inque
252 1455 360 1493 manus
380 1435 504 1493 chartae
520 1435 696 1514 nodosaque
718 1435 803 1492 venit
823 1433 952 1493 arundo

128 1529 219 1587 Tunc
242 1531 410 1609 querimur,
434 1553 554 1590 crassus
576 1532 693 1591 calamo
715 1531 798 1612 quod
821 1531 953 1610 pendeat
973 1552 1072 1604 umor,

129 1625 228 1702 Nigra
252 1627 335 1706 quod
357 1627 458 1686 inlusa
481 1637 627 1686 vanescat
648 1629 731 1707 sepia
753 1627 902 1707 lympba;

130 1715 256 1782 Dilutas
279 1725 436 1804 querimur
457 1725 592 1802 geminet
614 1725 696 1804 quod
719 1725 822 1783 fistula
844 1731 958 1802 guttas.
981 1760 1021 1772 —

130 1845 144 1873 a
173 1819 199 1878 Ο
221 1820 324 1894 miser,
348 1822 441 1902 inque
464 1822 529 1880 dies
552 1821 631 1879 ultra
653 1821 757 1893 miser,
780 1821 892 1881 hucine
914 1842 1016 1880 rerum

129 1916 310 1975 Venimus?
332 1925 364 1975 at
384 1939 439 1976 eur
460 1938 522 1976 non
545 1918 647 1997 potius
670 1927 836 1998 teneroque
859 1918 1002 1977 columbo

129 2012 172 2071 Et
195 2012 302 2071 similis
324 2033 429 2090 regum
453 2013 554 2093 pueris
575 2035 711 2094 pappare
733 2015 876 2074 minutim

128 2109 250 2180 PosciS,
270 2115 305 2168 'et
327 2111 422 2169 iratus
444 2131 593 2170 mammae
617 2112 719 2171 lallare
741 2115 891 2171 recusas?
914 2137 926 2167 u
951 2148 990 2157 -

128 2230 145 2262 a
172 2209 221 2264 An
238 2205 290 2266 tali
305 2207 446 2266 studeam
462 2208 608 2267 calamo?
633 2233 646 2262 »
663 2245 701 2252 —
720 2235 733 2263 a
759 2209 817 2268 Cui
834 2209 951 2268 verba?
968 2209 1042 2288 quid
1061 2210 1135 2268 istas
1209 2203 1214 2212 ’

128 2302 276 2362 Succinis
299 2304 465 2382 ambages?
486 2305 554 2363 Tibi
576 2305 712 2379 luditur;
737 2306 835 2364 ellluis
857 2327 970 2366 amens.
996 2330 1010 2360 »

387 2515 445 2572 66.
464 2517 520 2574 Un
540 2513 708 2573 studiant
730 2517 880 2574 modale.

344 2636 402 2720 (De
424 2636 537 2698 eximio
559 2638 695 2720 quodam
717 2639 926 2721 scholastico.)

173 2796 290 2856 Grates
303 2797 359 2855 tibi
382 2805 565 2878 optatosque
577 2819 653 2867 esse,
672 2798 773 2876 quide
789 2819 837 2856 me
852 2819 989 2858 rumores
1005 2802 1136 2859 allerun-
1163 2805 1202 2868 22¹

125 2902 194 2964 tur,
223 2914 287 2952 uon
318 2893 437 2967 dubito,
466 2896 507 2953 mi
540 2895 717 2953 dulcissime
739 2895 836 2970 Tir0;
862 2897 1077 2978 praestaboque
1106 2907 1136 2957 et

124 2991 233 3051 enitar
261 2998 296 3048 ut
323 2991 354 3048 in
380 2991 445 3049 dies
474 2993 570 3069 magis
599 2992 757 3071 magisque
780 2993 845 3051 haec
867 3013 995 3051 nascens
1022 2995 1060 3053 de
1087 3017 1136 3054 me

123 3088 313 3168 duplicetur
333 3088 451 3167 opinio,
476 3088 586 3160 Quare,
615 3090 699 3169 quod
729 3090 893 3170 polliceriS,
918 3097 947 3148 te
977 3091 1137 3150 bucinato-

123 3206 196 3246 rem
213 3185 281 3242 lore
297 3185 532 3244 existimationis
547 3207 633 3257 meae,
649 3187 738 3244 lirmo
754 3187 783 3244 id
802 3187 1017 3266 constantique
1035 3189 1137 3247 animo

123 3283 229 3343 facias
246 3281 327 3341 lieet.
346 3283 494 3362 Cratippo
508 3303 555 3340 me
572 3283 660 3355 scito,
678 3305 739 3341 non
761 3292 795 3342 ut
816 3283 1013 3362 discipulum,
1034 3287 1086 3344 sed
1105 3295 1138 3345 ut

123 3381 245 3447 silium,
284 3399 348 3437 esse
379 3379 676 3458 coujumtissimum.
711 3379 788 3438 Nam
819 3401 889 3438 cum
927 3382 1020 3440 audio
1050 3383 1136 3441 illum

121 3478 278 3546 libenter,
299 3483 363 3533 turn
386 3477 475 3534 etium
492 3478 646 3556 propriam
666 3478 731 3556 ejus
743 3477 926 3535 suavitatem
941 3478 1140 3538 veliementer

121 3573 317 3653 amplector.
335 3573 408 3630 Sum
425 3580 505 3630 totos
524 3574 587 3631 dies
603 3595 672 3631 eum
689 3595 735 3644 eo,
752 3574 912 3654 noctisque
926 3597 1138 3654 saepenumero

121 3679 265 3755 partem.
292 3669 393 3726 Exoro
419 3677 449 3727 ut
481 3691 601 3728 mecum
628 3691 719 3750 quam
753 3671 918 3749 saepissime
943 3681 1041 3732 cenet.
1072 3675 1139 3732 Hac

120 3767 314 3830 introducta
351 3768 585 3839 consuetudine,
623 3788 702 3846 saepe
738 3768 940 3826 inscientibus
975 3769 1063 3827 nobis
1108 3778 1134 3826 et

569 3936 706 3987 ..45-
