2682 4258
438 200 563 240 MORAOE.
587 213 627 230 --
645 199 832 240 ramosarum

284 533 368 624 4'77.
390 569 460 624 Sur
478 566 517 625 la
534 565 716 658 poneret&
736 521 958 624 volontalre.

321 731 407 816 (Fiat
430 733 519 792 nobis
538 707 708 816 paupertas
729 730 924 813 familiaris.)

163 1077 209 1134 Ne
231 1077 397 1156 imparatos
420 1077 544 1136 fortuna
566 1076 785 1156 deprehendat,
809 1077 862 1134 fiat
883 1076 972 1137 nobis
995 1075 1124 1157 pauper·
1153 1071 1195 1134 2⁸

124 1180 169 1239 tas
185 1173 353 1232 familiaris.
374 1173 522 1233 Securius
542 1173 655 1232 divites
676 1173 800 1244 erimuS,
817 1173 842 1230 si
857 1173 1015 1230 scierimus
1033 1191 1127 1252 quam

124 1270 240 1328 nonsit
256 1290 349 1348 grave
365 1291 518 1351 pauperes
540 1290 616 1330 esse.
635 1269 783 1348 Magister
805 1269 855 1328 ille
872 1269 1040 1348 voluptatis
1055 1269 1127 1346 Epi-

123 1387 217 1424 curus
234 1365 384 1442 gloriatur
401 1389 415 1420 n
433 1387 495 1423 non
513 1373 579 1424 toto
594 1387 702 1426 essese
715 1366 816 1446 pasci;
838 1365 1063 1434 Metrodorum,
1077 1365 1129 1444 qui

126 1462 262 1521 nondum
274 1470 392 1522 tantum
408 1462 583 1543 profecerit,
602 1469 669 1521 loto
689 1487 715 1522 »,
737 1463 771 1520 ln
788 1463 845 1520 hoc
864 1464 896 1520 tu
913 1462 997 1520 victu
1016 1461 1127 1519 saturi-

125 1567 218 1618 tatem
232 1568 321 1639 putas
332 1581 397 1619 esse
408 1561 422 1618 l
435 1565 470 1620 Et
483 1560 626 1638 voluptas
640 1567 695 1618 cst.
716 1560 869 1638 Voluptas
883 1565 986 1617 autem
1001 1579 1063 1616 non
1075 1557 1127 1616 illa

126 1657 201 1715 levis
218 1665 248 1715 et
265 1657 367 1733 fugax,
387 1665 418 1716 et
436 1656 565 1714 subinde
587 1656 766 1729 reficienda,
783 1655 835 1714 sed
857 1655 975 1715 stabilis
989 1661 1125 1715 atcerte.
1166 1656 1170 1666 ⁷

126 1754 195 1811 Non
217 1754 299 1812 euim
317 1755 455 1834 jucunda
477 1775 524 1812 res
547 1762 593 1812 est
615 1774 693 1833 aqua
717 1759 748 1812 et
772 1753 907 1834 polenta,
925 1760 978 1811 aut
994 1752 1127 1810 frustum

125 1851 270 1909 hordeaci
297 1851 400 1930 panis3
434 1850 485 1910 sed
512 1871 630 1910 summa
654 1850 802 1930 voluptas
825 1858 881 1922 est,
902 1871 992 1929 posse
1019 1868 1128 1928 capere

125 1949 217 2006 etiam
236 1964 273 2005 ex
288 1947 334 2006 his
352 1949 556 2027 voluptatem,
574 1955 605 2006 et
628 1947 664 2006 ad
684 1948 713 2006 id
736 1969 767 2006 se
786 1947 959 2016 deduxisse,
977 1946 1059 2025 quod
1072 1944 1128 2003 eri·

123 2062 195 2120 pere
211 2040 296 2099 nulla
316 2041 449 2098 fortunae
471 2037 619 2116 iniquitas
641 2035 748 2115 possit.
771 2034 956 2094 Liberaliora
978 2043 1051 2094 sunt
1074 2034 1130 2093 ali-

123 2144 227 2196 menta
239 2136 370 2196 carceris
391 2157 399 2194 ε
418 2134 570 2214 sepositos
584 2133 621 2192 ad
636 2132 769 2212 capitale
785 2131 971 2210 supplicium
992 2138 1130 2190 nontam

124 2241 264 2309 anguste,
281 2233 333 2312 qui
346 2233 502 2291 occisurus
513 2241 569 2301 est,
585 2233 697 2311 pascit.
716 2233 836 2298 Quanta
850 2241 896 2291 est
906 2233 1000 2291 animi
1012 2235 1129 2311 magni·

124 2330 211 2401 tudo,
230 2329 268 2388 ad
288 2330 319 2388 id
339 2351 393 2389 sua
412 2337 526 2408 sponte
549 2329 851 2409 descendere,quod
874 2351 912 2389 ne
935 2330 972 2389 ad
993 2337 1128 2388 extrema

125 2426 248 2505 quidem
267 2426 396 2485 decretis
418 2426 589 2484 timendum
611 2427 669 2485 sitl
695 2427 761 2485 Hoc
776 2434 822 2484 est
840 2448 1055 2507 praeoccupare
1069 2427 1133 2486 tela.

125 2524 281 2582 Fortunae.
300 2524 403 2600 Incipe
421 2543 493 2599 ergo
517 2524 602 2602 sequi
619 2522 728 2581 horum
744 2524 1011 2597 consuetudinem,
1030 2532 1061 2582 et
1075 2525 1135 2583 ali-·

124 2641 202 2700 quos
215 2620 283 2688 dies
296 2621 426 2691 destina,
442 2620 556 2699 quibus
574 2620 727 2679 secedasa
743 2621 805 2678 tuis
821 2620 922 2692 rebus,
939 2621 1129 2699 minimoque

125 2726 154 2776 te
171 2717 265 2776 facias
284 2718 474 2776 familiarem.
503 2717 610 2795 Incipe
626 2737 693 2774 cum
708 2725 893 2796 paupertate
913 2717 1025 2776 habere
1045 2739 1128 2776 com-

124 2815 298 2874 mercium:

185 2936 199 2966 ι(
211 2911 434 2990 Aude‚hospes,
451 2919 649 2969 contemnere
665 2931 750 2990 epea,
770 2919 799 2970 et
813 2919 843 2970 te
856 2932 981 2992 quoque
999 2912 1127 2989 dignum

184 3009 280 3085 Finge
302 3009 387 3068 Deol
412 3033 427 3064 »
1012 2998 1015 3007 ¹

164 3105 262 3164 Nemo
277 3105 354 3164 alius
376 3111 422 3164 est
436 3106 502 3163 Deo
517 3105 629 3181 dignus
644 3125 736 3183 quam
761 3105 813 3184 qui
829 3121 904 3184 opes
926 3106 1126 3188 contempsit,

124 3202 259 3269 Quarum
275 3203 498 3282 possessionem
515 3202 570 3259 tibi
587 3223 647 3260 non
664 3202 833 3274 interdico;
851 3202 903 3260 sed
920 3203 1038 3260 efficere
1057 3203 1129 3262 volo

124 3308 158 3359 ut
175 3299 243 3358 illas
259 3299 412 3379 intrepide
428 3298 584 3377 possideas
600 3316 606 3358 ε
625 3298 708 3376 quod
729 3321 790 3357 uno
811 3299 1009 3378 consequeris
1022 3283 1134 3370 mode,

124 3397 199 3456 site
221 3395 313 3454 etiam
336 3395 401 3454 sine
429 3396 488 3453 illis
510 3395 597 3454 beate
620 3396 777 3454 victurum
802 3396 990 3474 persuaseris
1013 3396 1083 3469 tihi;
1102 3397 1131 3454 si·

124 3493 191 3553 illas
205 3501 362 3572 tamquam
376 3493 509 3552 exituras
524 3513 644 3571 semper
656 3492 848 3572 adspexeris.
