2670 4252
113 167 173 223 50.
194 167 358 224 conseils
379 181 444 224 sur
462 170 501 225 la
515 168 729 226 traduction
747 169 784 223 et
802 166 842 224 la
860 165 1110 234 composition.

258 316 315 396 (De
333 317 546 400 transferendi
559 326 588 378 et
605 315 811 398 componendi
824 315 967 397 ratione.)

153 554 236 614 Utile
258 555 419 634 imprimis,
439 563 469 614 et
490 557 578 615 multi
602 556 796 636 praecipiunt,
819 554 868 614 vel
889 575 927 614 ex
949 554 1057 614 Graeco
1079 553 1111 610 in
1141 555 1181 616 2⁰

112 648 271 725 Latinum,
288 652 336 710 vel
355 674 392 711 ex
410 654 519 718 Latino
542 661 659 712 vertere
681 653 712 710 in
735 654 877 712 Graecum
897 669 904 710 :
923 672 984 730 quo
1002 670 1112 736 genere

111 749 343 808 exercitationis
375 751 547 828 proprietas
578 750 782 830 splendorque
814 749 990 818 verborum,
1024 747 1113 825 copia

111 845 294 921 figurarum,
314 847 360 904 vis
377 845 559 924 explicandi,
574 855 718 926 praeterea
737 846 907 903 imitatione
925 845 1110 924 optimorum

109 941 223 1000 similia
242 943 419 1020 inveniendi
441 943 571 1002 facultas
592 952 741 1022 paratur:
760 942 848 1000 simul
872 962 940 1021 quae
961 942 1111 1017 legentem

112 1038 297 1097 fefellissent
329 1035 564 1098 transferentem
593 1041 698 1118 fugere
729 1059 789 1098 non
818 1044 958 1118 possunt.
990 1036 1113 1094 Intelle-

110 1135 216 1212 gentia
236 1157 272 1194 ex
295 1136 354 1195 boc
375 1145 406 1195 et
419 1136 571 1216 judicium
587 1137 765 1215 aequiritur.
785 1135 868 1194 Nihil
891 1134 1023 1192 obfuerit
1044 1153 1112 1211 quae

109 1232 223 1310 legeris
252 1233 400 1292 hactenus
439 1241 474 1292 ut
501 1253 564 1291 rem
595 1241 870 1312 argumentumque
896 1239 1000 1290 teneas
1026 1231 1113 1310 quasi
1165 1301 1169 1310 .

108 1329 257 1386 aeniulum
276 1330 420 1398 scribere,
439 1329 586 1408 lectisque
608 1330 757 1400 conferre,
776 1349 810 1388 ac
832 1328 938 1402 sedulo
960 1327 1113 1407 pensitare

107 1425 186 1505 quid
211 1434 254 1498 tu,
279 1427 353 1506 quid
376 1427 427 1485 ille
449 1426 651 1485 commodius.
672 1426 785 1503 Magna
804 1425 978 1504 gratulatio,
998 1425 1023 1483 si
1036 1445 1113 1482 non-

107 1522 197 1580 nulla
223 1529 272 1597 tu;
301 1544 431 1601 magnus
455 1521 564 1602 pudor,
592 1523 616 1580 si
641 1531 751 1582 cuncta
775 1523 825 1581 ille
848 1523 970 1584 melina.
997 1520 1113 1584 Licebit

106 1619 267 1677 interdum
294 1628 325 1679 et
351 1619 511 1679 notissima
542 1619 663 1698 eligere,
693 1627 724 1678 et
755 1626 871 1678 certare
897 1639 966 1676 cum
995 1618 1110 1676 electis·

106 1715 222 1774 Audax
243 1716 320 1790 baec,
341 1737 403 1775 non
425 1725 528 1776 tamen
549 1717 699 1795 improba,
718 1716 789 1796 quia
809 1723 925 1774 secreta
942 1716 1111 1774 eontentio

106 1812 231 1870 Poteris
248 1820 279 1871 et
295 1835 364 1894 quae
388 1814 499 1872 dixeris
521 1821 593 1893 post
613 1813 800 1872 oblivionem
823 1819 998 1884 retractare,
1017 1811 1113 1870 multa

106 1910 255 1982 retinere,
274 1911 361 1990 plura
375 1911 516 1983 transire,
536 1910 594 1969 alia
617 1910 839 1980 interscribere,
859 1909 917 1968 alia
931 1893 1111 1968 rescribere.

106 2007 314 2066 Laboriosum
336 2008 418 2066 istud
441 2015 472 2066 et
492 2007 585 2066 taedio
608 2006 742 2086 plenum,
767 2007 819 2064 sed
843 2005 1025 2064 difficultate
1047 2005 1112 2085 ipsa

108 2105 319 2176 fructuosum,
338 2104 522 2163 recalescere
545 2125 581 2162 ex
604 2104 725 2182 integro
743 2111 773 2162 et
789 2123 942 2162 resumere
963 2102 1111 2181 impetum

108 2201 247 2259 fractum
264 2200 483 2281 emissumque,
503 2209 659 2280 postremo
675 2221 754 2258 nova
773 2200 857 2258 velut
873 2199 1009 2257 membra
1027 2219 1113 2280 pera-

105 2307 161 2356 eto
181 2297 305 2377 corpori
322 2298 468 2368 intexere,
488 2318 544 2356 nec
562 2305 663 2356 tamen
680 2296 781 2377 priora
800 2296 933 2355 turbare.

105 2583 172 2639 51.
191 2583 248 2637 La
267 2577 425 2637 solitudo
444 2581 610 2638 favorise
629 2581 663 2638 le
683 2580 825 2637 travail
844 2581 889 2636 de
907 2578 1111 2637 l'e'crlvain.

248 2727 429 2809 (Silentium
444 2727 654 2788 scribentibus
669 2729 803 2788 maxime
818 2727 982 2810 conuenit.)

142 2943 342 3004 Altissimum
369 2941 526 3000 silentium
555 2938 760 2998 scribentibus
790 2938 921 2996 maxime
949 2939 1116 2997 convenire
1139 2954 1178 3018 20

96 3063 199 3103 nemo
215 3039 416 3099 dubitaverit.
435 3039 503 3097 Non
525 3045 627 3095 tamen
643 3036 784 3114 protinus
807 3035 962 3108 audiendi,
982 3036 1034 3114 qui
1051 3055 1116 3094 cre-

85 3136 393 3217 ,duntaptissimain
402 3136 460 3194 hoc
470 3155 593 3194 nemora
606 3133 771 3211 silvasque,
785 3132 867 3210 quod
883 3132 933 3190 illa
945 3132 1014 3190 coeli
1025 3131 1117 3190 liber-

94 3250 150 3299 tas
184 3235 385 3312 locorumque
409 3232 571 3291 amoenitas
599 3229 762 3288 sublimem
785 3229 923 3286 animum
945 3234 976 3287 et
996 3229 1114 3288 beatio-

100 3347 180 3387 rem
192 3326 335 3405 spiritum
349 3334 467 3406 parent.
485 3328 564 3386 Mihi
579 3335 660 3387 certe
676 3327 831 3408 jucundus
846 3327 895 3386 hic
910 3348 1006 3404 magis
1020 3348 1110 3406 quam

98 3422 288 3484 studiorum
311 3423 450 3483 hortator
476 3425 598 3482 videtur
622 3445 686 3483 esse
709 3445 854 3483 secessus.
884 3423 1022 3503 Namque
1046 3424 1108 3494 illa,

91 3542 179 3604 quae
209 3519 274 3599 ipsa
298 3519 462 3594 delectant,
490 3542 611 3580 neeesse
640 3529 686 3580 est
714 3529 844 3580 avocent
873 3521 909 3579 ab
940 3521 1110 3579 intentione

77 3614 215 3701 ,operis
232 3615 387 3677 destinati.
407 3617 513 3697 Neque
531 3619 610 3682 enirn
628 3639 659 3676 se
678 3619 757 3677 bona
779 3618 839 3675 fide
858 3618 888 3675 in
907 3617 1001 3675 multa
1019 3617 1109 3674 simul

92 3711 271 3778 intendere
304 3713 422 3773 animus
457 3722 555 3772 totum
597 3722 708 3793 potest,
744 3722 784 3790 et,
819 3734 1014 3794 quocumque
1047 3734 1109 3770 res-

539 3901 678 3950 ..33-
