2656 4258
714 218 762 256 tus
783 218 894 272 sustuna

304 328 378 388 dum
406 327 708 409 dissuadendumque
732 329 822 388 multi
851 329 969 388 nobiles
981 329 1158 409 prodibant.
1178 329 1302 409 Capito-

304 425 380 484 lium
406 427 497 485 turba
521 426 680 486 hominum
723 427 894 486 faventium
925 426 1217 509 adversantiumque
1243 427 1300 506 legi

222 513 244 536 s*
304 521 527 603 complebatur.
542 523 693 584 Matronae
711 523 795 582 nulla
808 545 864 582 nec
877 525 1060 582 auctoritate
1075 544 1131 582 nec
1155 545 1302 582 verecun-

304 617 353 678 dia
390 640 446 679 nec
488 621 616 700 imperio
645 621 783 680 virorum
812 621 963 680 contineri
1001 620 1105 679 limine
1138 628 1299 701 poterant:

303 736 410 775 omnes
426 719 492 776 vias
519 717 611 776 Urbis
636 717 799 798 aditusque
825 717 857 775 in
882 717 983 776 forum
1002 717 1194 788 obsidebant,
1222 718 1302 776 viros

304 813 524 875 descendentes
556 814 594 874 ad
625 815 735 874 sorum·
752 822 875 882 orantes
903 822 948 885 ut,
974 815 1102 874 llorente
1132 814 1300 894 republica,

303 919 459 970 crescente
469 912 502 970 in
514 912 579 972 dies
594 913 732 970 omnium
742 911 860 991 privata
872 911 1007 984 fortuna,
1023 911 1171 970 matronis
1181 932 1303 990 quoqne

304 1007 469 1086 pristinum
498 1017 641 1068 ornatum
669 1009 755 1068 reddi
789 1016 978 1088 paterentur.
1009 1009 1078 1068 lam
1105 1015 1136 1066 et
1162 1009 1303 1066 consules

303 1113 512 1185 praetoresque
527 1113 557 1165 et
571 1105 647 1165 alios
660 1105 857 1184 magistratus
874 1105 957 1164 adire
973 1113 1003 1164 et
1013 1125 1120 1190 rogare
1135 1103 1301 1164 audebant.

288 1382 291 1386 ,
307 1319 387 1376 155.
406 1321 463 1376 Un
482 1317 659 1375 se'neteur
674 1321 802 1376 contre
819 1320 876 1376 les
899 1321 1090 1377 matrones
1114 1317 1304 1375 ementees

337 1419 430 1474 pour
448 1406 594 1463 obtenti¹
612 1406 817 1463 l’ebolitton
835 1408 901 1464 des
913 1407 984 1464 lots
1006 1405 1269 1474 somptuaires.

291 1587 293 1592 Ι
305 1509 447 1590 (Senator
468 1510 506 1570 de
522 1510 673 1572 matronis
687 1479 758 1594 quie
780 1510 964 1570 seditionem
977 1517 1142 1570 moverant·
1152 1516 1186 1570 ut
1199 1530 1304 1590 sump-

560 1607 669 1668 tuaria?
703 1607 786 1690 tepea
821 1605 1046 1688 abolerentur.)

237 1765 292 1822 Rh.
344 1793 357 1822 a
373 1767 404 1826 Si
415 1768 447 1826 in
462 1789 517 1826 sua
533 1768 663 1848 quisque
678 1774 818 1827 nostrum
832 1775 928 1826 matre
943 1766 1077 1838 familiae,
1096 1765 1244 1838 Quirites,
1252 1765 1303 1845 jus

287 1865 334 1923 ‘et
345 1865 536 1945 majestatem
551 1865 610 1922 viri
624 1865 755 1923 retinere
771 1863 965 1935 instituisset,
981 1863 1083 1923 minus
1095 1883 1166 1922 cum
1182 1863 1307 1920 univer-

302 1962 344 2021 sis
358 1962 480 2021 seminis
495 1961 609 2038 negotii
629 1960 822 2020 haberemus.
845 1961 935 2019 Nunc
963 1959 1047 2018 domi
1073 1959 1155 2018 victa
1178 1959 1306 2018 libertas

302 2066 406 2118 nostra
423 2058 607 2139 impotentia
629 2057 782 2127 muliebri,
807 2057 856 2115 hic
875 2077 999 2136 quoque
1015 2057 1046 2113 in
1063 2054 1132 2114 foro
1152 2055 1307 2115 obteritur

302 2163 331 2214 et
357 2155 514 2215 calcatur:
543 2162 583 2225 et,
612 2154 683 2232 quia
708 2153 844 2231 singulas
865 2153 1016 2211 sustinere
1043 2173 1107 2210 non
1132 2152 1304 2234 potuimus,

302 2253 461 2312 universas
477 2252 647 2310 horremus,
675 2249 810 2329 Majores
830 2250 927 2308 nostri
943 2248 1058 2308 nullam
1085 2270 1123 2307 ne
1150 2249 1307 2327 privatam

301 2349 426 2430 quidem
451 2369 513 2406 rem
549 2367 638 2425 agere
671 2346 800 2405 seminas
825 2347 890 2405 sine
912 2354 1038 2405 auctore
1057 2345 1250 2405 voluerunt:
1275 2346 1308 2403 in

302 2467 395 2506 manu
412 2467 477 2504 esse
490 2450 663 2524 parentum,
679 2443 820 2514 fratrum,
833 2444 984 2503 virorum.
995 2443 1066 2510 Nos,
1079 2443 1102 2499 si
1119 2441 1177 2500 diis
1190 2440 1307 2523 placet,

299 2544 362 2624 jam
386 2541 608 2622 rempublicam
637 2541 895 2620 etiamcapessere
922 2561 972 2598 eas
996 2539 1141 2618 patimur,
1174 2545 1206 2597 et
1236 2539 1310 2598 soro

301 2661 407 2721 prope,
421 2647 451 2698 ct
462 2637 671 2708 contionibus,
687 2645 717 2696 et
742 2637 875 2696 comitiis
899 2635 1076 2695 immisceri.
1094 2635 1173 2694 Date
1199 2636 1317 2706 frenost

302 2737 464 2817 impotenti
481 2743 600 2796 naturae
631 2742 662 2794 et
688 2734 840 2793 indomito
866 2733 1002 2807 animali,
1024 2741 1055 2791 et
1082 2740 1203 2811 sperate
1221 2733 1312 2812 ipsas

302 2835 427 2893 modum
445 2833 577 2892 licentiae
593 2833 739 2897 facturae,
755 2831 813 2888 nisi
831 2851 887 2889 vos
903 2830 1047 2890 feceritis.
1066 2829 1230 2888 Minimum
1245 2831 1312 2888 hoe

222 2929 225 2938 ¹
255 2923 258 2928 ⁵
301 2953 407 2990 eorum
421 2940 477 3002 est,
494 2950 562 3011 quae
580 2930 688 3009 iniquo
704 2927 807 2986 animo
820 2928 949 2986 feminae
959 2927 1017 2984 sibi
1029 2934 1083 2985 aut
1099 2926 1237 2984 moribus
1252 2935 1313 2985 aut

291 3028 419 3106 'legibus
448 3027 588 3108 injuncta
615 3025 805 3104 patiuntur:
834 3025 971 3082 omnium
997 3043 1099 3082 rerum
1128 3022 1311 3081 libertatem

301 3126 395 3184 immo
410 3124 566 3182 licentiam
579 3121 613 3201 (si
628 3143 700 3180 vera
716 3120 819 3180 dicere
837 3121 992 3199 volumus)
1013 3119 1199 3178 desiderant.
1220 3117 1312 3184 Quid

301 3223 394 3293 enim,
417 3221 442 3279 si
471 3219 529 3277 hoo
553 3219 810 3297 expugnaverint,
830 3239 891 3276 non
921 3217 1106 3275 tentabunt?
1132 3215 1315 3275 Recensete

301 3318 403 3377 omnia
425 3315 588 3375 muliebria
607 3315 688 3394 jura,
709 3315 821 3394 quibus
845 3314 1000 3372 licentiam
1029 3331 1133 3371 earum
1158 3311 1297 3388 alligare

300 3416 364 3473 rint
376 3412 508 3492 majores
525 3413 633 3484 nostri,
651 3432 706 3490 per
718 3431 848 3490 quaeque
864 3409 1051 3488 subjecerint
1070 3408 1168 3468 viris:
1188 3409 1314 3486 quibus

300 3511 444 3570 omnibus
460 3508 643 3566 constrictas
658 3509 709 3564 vix
731 3516 832 3565 tamen
856 3506 1016 3564 continere
1043 3505 1182 3584 potestis.
1202 3503 1312 3571 Quid.

301 3609 325 3666 si
343 3604 600 3685 ca-rperessingula
616 3602 1119 3684 etextorquere,vetcxecquarirad
1130 3609 1276 3661 extremu

244 3713 246 3720 '
300 3705 375 3761 viris
388 3701 557 3782 liatiemini,
575 3699 750 3758 tolerabiles
765 3699 853 3758 vobis
867 3721 917 3759 eas
933 3701 996 3759 lore
1015 3700 1158 3758 creditis?
1178 3699 1298 3758 Extem

301 3800 362 3879 plo,
376 3797 465 3857 simul
477 3817 566 3876 pares
582 3817 647 3854 csse
662 3796 826 3874 coeperint,
841 3798 1014 3876 superiores
1031 3785 1132 3854 erunt.
1152 3820 1166 3849 »

722 3946 879 3996 -108-
