2682 4258
599 23 615 54 1

499 175 534 212 nn
556 175 603 214 vis
625 159 726 212 rnrve‘s
747 176 797 213 nas
819 176 944 214 nonnius

219 491 307 550 473.
331 494 386 581 La
408 494 568 550 Fortune
592 506 729 563 prouve
754 495 778 550 a
801 493 966 550 l'homme
993 491 1080 562 qu’tl
1099 503 1125 550 e.
1142 491 1224 548 tort

378 581 422 636 de
441 580 493 636 lut
512 582 713 651 reprocher
731 594 798 638 son
816 581 1066 638 inconstan‘ee.

156 1245 196 1310 2⁰
263 1257 373 1325 «Quid
392 1266 435 1331 tu,
453 1279 471 1317 o
489 1257 592 1331 homo,
607 1280 690 1318 ream
713 1280 762 1318 me
781 1259 968 1339 quotidianis
983 1259 1048 1339 agis
1062 1260 1224 1340 querelis?

220 1355 317 1422 Quam
346 1355 403 1414 tibi
430 1355 558 1414 fecimus
584 1356 753 1435 injuriam?
775 1356 849 1423 Que
874 1364 925 1415 tua
953 1357 1008 1415 tibi
1033 1356 1225 1416 detraximus

221 1453 326 1512 bona?
355 1452 470 1518 Quovis
495 1453 612 1530 judice,
641 1453 678 1511 de
705 1473 798 1533 opum
826 1454 1072 1534 dignitatumque
1100 1475 1224 1512 mecum

219 1550 413 1628 possessione
434 1549 596 1608 contende.
626 1551 664 1608 Et
688 1551 712 1608 si
738 1552 920 1630 cujusquam
948 1550 1121 1609 mortalium
1151 1571 1225 1629 pro-

221 1647 322 1724 prium
337 1646 411 1724 quid
428 1647 535 1705 horum
557 1668 622 1706 csse
643 1649 873 1719 monstraveris,
891 1669 948 1725 ego
964 1648 1027 1728 jam
1044 1648 1221 1720 maluisse,

220 1764 289 1822 quae
318 1744 442 1822 repetis,
473 1750 582 1822 sponte
610 1745 787 1804 concedam.
818 1746 895 1804 Cum
920 1753 950 1803 te
973 1765 989 1803 e
1018 1745 1086 1802 sinu
1114 1745 1225 1803 matris

220 1848 330 1898 natura
348 1840 505 1919 produxit,
530 1841 645 1902 nudum
665 1842 754 1900 rebus
774 1842 929 1913 omnibus,
950 1841 1135 1920 inopemque
1156 1863 1224 1900 sus·

137 1996 142 2012 q
218 1937 299 2016 cepi,
318 1939 392 1995 meis
410 1937 520 2016 opibus
534 1937 608 2008 fovi,
624 1946 664 2004 ct,
684 1938 766 2017 quod
784 1945 814 1996 te
831 1959 911 1996 nunc
926 1939 1136 2017 impatientem
1153 1959 1225 1996 nos·

220 2034 260 2093 tri
273 2034 356 2094 facit.
379 2034 484 2092 favore
506 2055 601 2113 prona
623 2035 834 2113 indulgentius
856 2035 996 2106 educavi,
1015 2043 1046 2093 et
1070 2035 1221 2105 omnium,

220 2152 289 2210 quae
311 2131 370 2189 mei
395 2138 467 2190 sunt
488 2132 577 2210 juris,
601 2133 756 2190 affluentia
781 2140 811 2190 et
835 2132 997 2211 splendore
1019 2131 1222 2191 circumdedi.
1329 2137 1330 2202 t

222 2229 312 2286 Nunc
335 2229 410 2286 mihi
433 2228 588 2286 retrahere
611 2249 734 2287 manum
756 2229 845 2302 libet3
868 2229 945 2288 habe
970 2229 1111 2306 gratiam,
1138 2229 1224 2287 velut

222 2345 293 2383 usus
308 2325 427 2384 alienis.
445 2325 513 2383 Non
528 2325 621 2382 habes
633 2326 684 2404 jus
699 2326 842 2403 querelae.
858 2334 1013 2405 tamquam
1029 2332 1081 2383 tua
1097 2346 1225 2404 prorsus

222 2421 401 2500 perdideris.
441 2421 521 2488 Quid
553 2442 625 2498 ergo
650 2423 850 2500 ingemiscis?
886 2422 976 2481 Nulla
1004 2422 1059 2480 tibi
1085 2443 1101 2480 a
1132 2422 1225 2480 nobis

221 2519 304 2577 illata
318 2526 364 2576 est
376 2517 534 2577 violentia.
552 2518 644 2598 Opes,
662 2519 793 2577 honores
811 2527 973 2598 ceteraque
989 2518 1061 2578 talia
1077 2519 1136 2576 mei
1150 2525 1225 2576 sunt

218 2616 307 2694 juris
329 2617 492 2673 Dominam
508 2615 630 2674 famulae
650 2624 856 2692 cognoscunt;
877 2636 996 2674 mecum
1015 2615 1156 2686 veniunt,
1174 2635 1223 2673 me

220 2713 353 2772 abeunte
370 2712 543 2773 discedunt.
564 2712 722 2770 Audacter
738 2714 896 2782 affirmem,
913 2713 937 2769 si
953 2719 1005 2770 tua
1021 2712 1133 2784 forent,
1152 2732 1224 2790 quae

220 2811 333 2868 amissa
352 2809 560 2889 conquereris,
577 2809 663 2868 nullo
682 2809 774 2868 modo
796 2809 992 2888 perdidisses.
1017 2811 1062 2866 An
1082 2828 1140 2885 ego
1158 2807 1223 2866 sola

221 2927 322 2965 meum
337 2905 389 2986 jus
402 2927 541 2965 exercere
557 2905 747 2985 prohibeor?
761 2907 845 2964 Licet
857 2906 931 2964 caelo
947 2905 1085 2984 prolerre
1103 2904 1224 2963 lucidos
1261 2967 1263 2970 ,

220 3004 297 3076 dies,
316 3004 502 3084 eosdemque
520 3003 690 3063 tenebrosis
710 3003 852 3061 noctibus
868 3003 1010 3061 condere.
1037 3002 1122 3060 Licet
1141 3019 1225 3060 anno

222 3111 311 3159 terrae
334 3101 453 3158 vultum
477 3121 558 3159 nunc
590 3099 717 3158 floribus
737 3099 939 3179 frugibusque
959 3099 1112 3170 redimire,
1140 3119 1224 3157 nuuc

222 3197 334 3255 nimbis
374 3197 599 3277 frigoribusque
637 3196 837 3256 confundere.
868 3196 923 3254 lus
956 3204 1003 3254 est
1032 3196 1109 3253 mari
1139 3215 1223 3254 nunc

220 3301 317 3352 strato
335 3315 457 3372 aequore
477 3293 621 3365 blandiri,
643 3313 725 3352 nunc
745 3293 888 3372 procellis
905 3315 940 3351 ac
956 3292 1100 3351 fluctibus
1116 3290 1225 3350 inhor-

222 3412 349 3456 rescere.
366 3392 428 3449 Nos
442 3390 478 3449 ad
492 3391 696 3449 constantiam
711 3391 823 3458 nostris
839 3389 976 3448 moribus
991 3389 1121 3446 alienam
1136 3388 1225 3447 inex-

221 3489 303 3566 pleta
325 3486 484 3546 hominum
507 3488 658 3566 cupiditas
681 3487 845 3564 alligabit?
869 3488 944 3546 Haec
963 3493 1066 3544 nostra
1090 3485 1137 3543 vis
1163 3493 1222 3558 est,

221 3585 304 3643 hunc
320 3584 502 3643 continuum
521 3584 627 3643 ludum
646 3584 791 3643 ludimus
810 3607 825 3639 n

1329 107 1330 154 t

1329 211 1330 266 l

1329 583 1330 620 t

279 882 343 965 (Ab
365 884 489 947 homine
511 883 753 947 inconstantiam
775 895 863 946 suam
884 883 969 966 salso
992 879 1134 943 incusari
