2678 4250
272 139 466 180 ennox-anm.
482 155 522 168 --
538 126 687 181 nunecius.
709 145 910 184 -nvocnrs
933 159 973 169 -
1000 145 1197 184 rnoressuuas

234 249 339 320 facies,
352 250 429 312 exile
441 251 554 312 collum
568 271 574 314 :
592 253 728 333 pendent
741 254 859 327 lacerti,
871 255 995 335 papillae
1007 257 1122 336 jacent,
1136 277 1240 315 reces-

234 347 275 406 sit
294 354 413 407 venter.
431 349 459 407 A
482 356 568 428 tergo
593 371 717 430 quoque
731 346 844 410 ‘eadem
868 358 952 422 aetas,
970 359 1003 410 ut
1023 359 1154 430 atergo.
1179 353 1240 411 AEs

233 439 347 518 ipsum,
363 448 513 519 quantum
537 462 627 500 verus
649 443 735 502 color
756 443 883 514 indicat,
901 451 990 503 vetus
1014 450 1045 502 et
1060 446 1237 524 antiquum.

164 617 170 628 ι
234 536 319 595 Talia
338 537 470 618 denique
489 538 602 611 omnia,
628 547 663 598 ut
682 539 803 618 possint
824 539 976 599 artificum
995 541 1101 599 oculos
1118 549 1238 607 tenere,

163 625 171 642 ⁶
234 633 386 692 delectare
400 634 626 714 imperitorum.
644 635 733 702 Quod
751 655 810 709 me,
833 656 1019 717 quamquam
1032 637 1239 704 tirunculum,

235 729 414 789 sollicitavit
437 731 475 790 ad
499 731 675 790 emendum.
704 732 772 791 Emi
796 740 910 805 autem,
943 753 1004 791 non
1032 740 1067 792 ut
1092 733 1240 791 haberem

235 816 317 875 domi
332 817 445 898 (neque
461 819 543 878 enim
561 818 658 878 ullum
673 819 774 878 adhuc
793 820 990 879 Corinthium
1005 820 1088 880 domi
1109 820 1238 899 habeo),

234 934 342 973 verum
359 915 440 974 utin
456 916 557 995 patria
574 923 681 975 nostra
698 916 812 976 celebri
831 917 900 975 loco
915 937 1073 998 ponerem,
1091 937 1126 976 ac
1140 917 1243 996 potis·

231 1002 346 1069 ¹simum
369 1011 401 1071 in
423 1012 512 1071 Jovis
541 1011 681 1091 templo:
704 1013 830 1072 videtur
846 1013 929 1072 enim
951 1012 1078 1091 dignum
1105 1012 1239 1092 templu,

235 1107 363 1185 dignum
386 1107 444 1167 deo
464 1109 592 1168 donum.
611 1109 659 1168 Tu
677 1129 761 1188 ergo,
786 1115 821 1168 ut
844 1109 924 1170 soles
940 1110 1044 1168 omnia
1066 1129 1165 1190 quaea
1187 1129 1242 1167 me

235 1204 290 1263 tibi
305 1205 524 1284 injunguntur,
541 1205 662 1284 suscipe
682 1204 762 1265 hanc
788 1226 904 1276 curam,
931 1214 961 1265 et
977 1205 1041 1287 jam
1058 1225 1141 1266 nunc
1160 1205 1242 1283 jube

236 1301 332 1359 basim
357 1302 433 1373 fieri,
458 1322 496 1360 ex
519 1322 581 1380 quo
605 1302 690 1360 voles
712 1322 874 1375 marmore,
904 1324 972 1383 quae
998 1322 1108 1361 nomen
1133 1323 1241 1360 meum

237 1396 431 1477 honoresque
452 1397 563 1478 capiat,
588 1398 613 1457 si
628 1398 684 1457 bos
700 1420 822 1479 quoque
848 1399 971 1479 putabis
987 1399 1155 1459 addendos.

447 1679 531 1738 296.
551 1682 583 1738 A
605 1693 748 1749 propos·
762 1681 867 1738 d’une
887 1680 1024 1739 statue.

561 1785 618 1866 (De
634 1793 736 1844 statua
752 1783 915 1866 quadam.)

183 1942 224 2008 3⁸
279 1953 1243 2033 HereasenatuVestricioSpurinnaeprincipeauctoretrium·

238 2049 339 2130 phalis
354 2051 594 2110 statuadecreta
609 2058 666 2125 est,
683 2050 803 2109 nonita
822 2058 858 2109 ut
876 2050 981 2108 multis
997 2049 1049 2130 qui
1069 2069 1241 2128 numquam

237 2147 268 2204 in
294 2148 359 2206 acie
383 2155 546 2220 steterunt,
570 2168 737 2227 numquam
763 2155 862 2206 castra
886 2147 1042 2219 viderunt,
1071 2165 1242 2224 numquam

163 2320 164 2325 ἵ
238 2243 371 2325 denique
396 2245 538 2303 tubarum
566 2264 675 2306 sonum
705 2244 763 2303 nisi
791 2243 1033 2323 in'spectaculis
1062 2242 1241 2311 audierunt,

237 2361 345 2399 verum
367 2349 401 2400 ut
415 2341 476 2399 illis
490 2341 544 2420 qui
560 2339 653 2400 decus
668 2341 751 2400 istud
768 2331 879 2400 sudore
895 2348 926 2399 et
941 2341 1089 2418 sanguine
1101 2346 1134 2398 et
1148 2340 1243 2398 lactis

238 2435 498 2515 adsequebantur.
522 2438 562 2496 Et
585 2437 643 2496 hoc
667 2436 791 2518 quidem
816 2437 941 2496 virtutis
964 2435 1142 2516 praemium3
1161 2435 1240 2494 illud

239 2533 385 2592 solacium
410 2533 525 2593 doloris
551 2535 679 2614 accepit,
709 2535 790 2614 quod
820 2534 884 2592 filio
908 2533 974 2613 ejus
1000 2533 1117 2605 Cottio,
1148 2553 1239 2612 quem

240 2631 343 2688 amisit
368 2631 488 2700 absem,
516 2630 640 2690 habitus
667 2638 713 2690 est
741 2631 841 2689 honor
864 2637 994 2690 statuae.
1032 2629 1129 2709 Cujus
1155 2636 1242 2687 tanta

241 2727 398 2800 sanctitate,
416 2727 559 2806 gravitas,
579 2728 747 2786 auctoritas
762 2727 865 2799 etiam,
887 2735 922 2787 ut
939 2734 1043 2806 posset
1063 2747 1150 2785 senes
1172 2726 1241 2786 illos

239 2845 408 2903 provocare
436 2817 562 2896 virtute,
590 2824 701 2904 quibus
729 2845 812 2883 nunc
838 2822 955 2908 honore
978 2823 1159 2901 adaequatus
1183 2831 1239 2880 est.

241 2916 307 2983 Quo
330 2917 453 2997 quidem
476 2915 604 2989 honore,
621 2925 770 2996 quantum
787 2937 843 2994 ego
859 2917 1056 2996 interpretor,
1070 2935 1130 2972 non
1148 2915 1242 2973 modo

172 3055 176 3064 .
240 3014 377 3073 defuncti
399 3013 570 3084 memoriae,
596 3012 696 3071 dolori
720 3014 828 3091 patris,
849 3033 957 3072 verum
980 3012 1072 3070 etiam
1101 3010 1242 3090 exemplo

241 3117 439 3192 prospectum
460 3116 515 3170 est.
540 3113 662 3168 Acuent
681 3110 720 3168 ad
740 3109 835 3170 bonas
851 3116 933 3168 artes
949 3105 1148 3188 juventutem
1168 3107 1242 3166 adu-

242 3204 426 3262 lescentibus
443 3223 577 3283 quoque,
597 3203 682 3280 digni
700 3202 762 3260 sint
785 3201 888 3272 modo,
909 3209 993 3261 tanta
1013 3201 1139 3280 praemia
1153 3220 1242 3258 oons-

241 3301 356 3373 tituta;
381 3308 492 3359 acuent
511 3299 665 3380 principes
681 3298 764 3357 viros
784 3299 822 3357 ad
845 3298 956 3357 liberos
977 3296 1190 3376 suscipiendos
1213 3304 1243 3354 et

242 3397 353 3475 gaudia
371 3418 407 3456 ex
422 3397 640 3476 superstitibus
656 3402 687 3455 et
701 3415 738 3456 ex
752 3395 873 3454 amissis
887 3402 950 3454 tam
965 3395 1097 3474 gloriosa
1113 3392 1239 3453 solacia.

243 3494 364 3553 Etenim
389 3494 414 3552 si
439 3494 656 3553 defunctorum
683 3491 831 3571 imagines
852 3491 935 3550 domi
959 3491 1080 3572 positae
1101 3487 1242 3548 dolorem

243 3589 382 3649 nostruin
399 3590 512 3662 levant,
530 3596 645 3669 quanto
661 3589 757 3668 magis
775 3588 832 3648 hae
852 3589 963 3668 quibus
985 3589 1016 3647 in
1041 3585 1244 3645 celeberrimo

244 3688 312 3746 loco
328 3709 390 3744 non
406 3686 497 3743 modo
513 3687 629 3764 species
645 3693 675 3744 et
691 3685 796 3744 vultus
807 3685 945 3758 illorum,
965 3684 1018 3744 sed
1033 3683 1133 3742 honor
1147 3683 1244 3742 etiam

244 3791 275 3844 et
292 3783 387 3863 gloria
399 3781 553 3840 refertur?

665 3916 700 3926 —
719 3887 769 3939 208
788 3915 823 3926 -
