2656 4258
193 188 275 245 225.
294 189 465 246 Bcnheur
483 188 528 244 de
546 187 712 245 l’homme
731 187 797 248 des
817 188 980 256 chamos.

368 293 404 371 (Ο
424 292 600 374 fortunatos
621 290 810 376 apricolaal)

170 450 195 510 Ο
217 451 295 509 bona
317 450 450 531 pastoris
472 450 509 530 (si
523 451 600 532 *quis
622 471 682 509 non
706 449 849 530 pauperis
870 470 960 510 usum
1072 521 1073 526 ἵ
1149 490 1157 506 .

171 547 275 607 Mente
297 547 383 628 prius
404 548 494 608 docta
515 547 654 620 lastidiat
675 554 706 606 et
725 547 835 626 probet
856 546 917 606 illis

170 644 294 704 Somnia
316 645 444 704 luxuriae
466 643 588 725 spretis)
611 643 767 721 incognita
789 641 882 716 curis,

169 741 244 808 Quae
266 741 402 801 lacerant
422 741 528 800 avidas
549 741 675 800 inimico
696 748 821 820 pectore
842 741 979 800 mentesl

169 838 202 896 Si
224 857 285 896 non
306 839 433 918 Assyrio
454 838 575 914 fulgent
596 837 643 896 bis
664 837 748 896 lauta
769 836 872 896 colore

170 934 312 994 Attalicis
334 934 443 1015 opibus
459 935 529 994 data
550 934 675 1006 vellera,
699 933 724 993 si
746 933 830 992 nitor
850 931 917 992 auri
1008 921 1017 939 ⁹

169 1030 234 1090 Sub
256 1031 398 1111 laqueare
420 1031 530 1090 domus
551 1031 689 1090 animum
711 1051 773 1089 non
795 1029 895 1108 tangit
915 1048 1042 1088 avarum

170 1127 365 1208 Picturaeque
387 1128 492 1200 decus,
516 1127 652 1208 lapidum
676 1147 732 1186 uec
754 1127 856 1204 fulgor
876 1126 907 1184 in
930 1124 992 1185 ulla

170 1223 321 1304 Cognitus
343 1224 476 1284 utilitate
498 1245 617 1296 manus,
640 1244 697 1282 neo
717 1222 828 1304 pocula
850 1221 979 1284 Graium

169 1320 297 1380 Alconis
318 1322 456 1381 referunt
477 1321 650 1401 Rhoeciqne
671 1327 822 1393 toreuma,
846 1340 902 1378 nec
924 1319 992 1378 lndi

170 1415 313 1477 Concliea
336 1417 410 1478 baca
432 1418 525 1477 marie
545 1417 646 1497 pretio
668 1424 738 1477 est:
763 1425 795 1476 at
815 1423 939 1496 pectore
960 1435 1038 1496 puro

169 1514 264 1594 Saepe
280 1535 372 1594 super
393 1523 500 1574 tenero
521 1514 689 1595 prosternit
710 1513 847 1591 gramine
867 1533 990 1591 corpus,

173 1610 296 1670 Florida
317 1631 387 1670 cum
409 1612 500 1670 tellus
521 1617 711 1690 gemmantes
733 1610 815 1689 picta
835 1630 891 1691 per
912 1609 1021 1669 herbas

169 1707 250 1766 Vere
272 1714 359 1767 notat
380 1707 462 1767 dulci
483 1708 629 1767 distincta
650 1707 805 1768 coloribus
826 1727 898 1765 arva
906 1730 914 1778 ;

170 1805 274 1884 Atque
295 1803 381 1863 illum
404 1804 521 1865 calamo
546 1805 651 1863 laetum
674 1802 993 1884 recinentepalustri.

171 1899 303 1981 Otiaque
323 1901 441 1960 invidia
463 1901 626 1980 degentem
648 1909 679 1960 et
700 1898 806 1959 fraude
829 1906 959 1969 remota,

172 1997 405 2077 Pollentemque
428 1998 485 2057 sibi
508 1998 598 2057 viridi
620 2018 689 2057 cum
712 1996 838 2076 palmite
859 1994 969 2054 ludens

170 2095 289 2154 Tmolia
311 2095 476 2174 pampineo
497 2094 603 2153 subter
625 2114 712 2154 coma
734 2093 815 2152 velat
836 2091 962 2152 amictu.

172 2191 221 2249 llli
242 2198 315 2250 sunt
336 2198 431 2270 gratae
452 2199 590 2250 rorantes
612 2191 690 2250 lacte
711 2189 847 2270 capella,

171 2287 211 2346 Et
232 2305 350 2362 nomm,
374 2295 405 2347 et
426 2287 556 2347 fecunda
579 2288 677 2360 Pales,
701 2295 732 2346 et
752 2287 883 2346 vallibus
905 2286 988 2346 intus

170 2385 298 2464 Semper
319 2405 415 2465 opaca
436 2384 524 2444 novis
546 2385 702 2444 manantia
723 2384 861 2443 fontibus
882 2390 980 2444 antra.

233 2613 317 2674 226.
337 2615 387 2670 Le
405 2616 509 2672 lever
528 2615 612 2671 d’un
630 2627 779 2683 paysan
797 2612 950 2670 romain.

263 2715 302 2799 (E
325 2718 436 2778 lectulo
457 2717 561 2800 surqit
581 2719 740 2778 Romanus
760 2717 924 2800 apricola.)

169 2876 239 2936 Jam
258 2898 322 2942 ¹nou
343 2877 488 2936 hibernas
510 2876 556 2936 bis
579 2877 714 2958 quinque
736 2884 896 2956 peregerat
915 2875 1008 2935 horas
1110 2894 1152 2958 3⁸

142 2959 147 2968 ’
171 2973 400 3054 Excubitorque
422 2974 502 3033 diem
525 2981 617 3033 cantu
641 2974 825 3054 praedixerat
846 2974 919 3047 ales,

172 3070 306 3150 Simylus
328 3071 430 3150 exigui
453 3071 553 3130 cultor
574 3092 643 3131 cum
666 3072 799 3130 rusticus
821 3071 885 3150 agri

170 3167 282 3226 Tristia
304 3175 444 3227 venturae
466 3175 606 3227 metuens
626 3168 742 3249 jejunia
765 3168 853 3240 lucis,

170 3263 308 3324 Membra
331 3265 414 3324 levat
435 3265 488 3323 vili
510 3265 622 3324 sensim
645 3266 774 3323 demissa
798 3264 935 3342 grabato,

171 3360 371 3440 Sollicitoque
394 3382 485 3420 manu
509 3362 649 3420 tenebras
671 3362 811 3440 explorat
832 3362 945 3419 inertes

169 3457 378 3537 Vestigatque'
392 3459 506 3531 locum,
530 3459 620 3517 laesus
643 3479 734 3538 quem
755 3458 888 3538 denique
910 3458 1015 3518 sentit.

171 3553 322 3613 Parvulus
343 3561 451 3612 exusto
474 3554 651 3613 remanebat
671 3555 776 3634 stipite
798 3555 906 3626 lomes,

172 3649 210 3709 Et
230 3650 307 3710 cinis
328 3650 471 3709 obductae
492 3651 612 3710 celabat
632 3652 746 3710 lumina
769 3673 888 3731 prunae.

173 3746 328 3806 Admovet
349 3747 397 3805 his
419 3768 546 3827 pronam
569 3748 719 3806 submissa
742 3748 843 3806 fronte
865 3749 1032 3812 lucernam.

513 3963 545 3974 -
567 3899 680 3986 1574
