2682 4258
305 185 437 225 LZTTRES.
459 200 499 210 ··-
520 186 661 226 SClENCES.
684 201 730 249 ‘’,
745 186 881 226 SAVANTS.
905 201 943 210 -
965 186 1155 224 Plutosorrffls

236 293 326 354 litore
341 296 438 354 bostis
451 303 482 355 et
498 297 687 355 trucidandae
698 305 804 376 gentes
818 304 962 356 tracturae
976 317 1086 374 magna
1101 302 1233 375 exparte

173 455 178 468 ¹
237 392 384 451 victorem
407 401 437 451 et
456 393 650 472 antiquarum
675 394 796 454 urbium
828 393 1060 462 flamma-Quid
1089 393 1122 451 in
1149 412 1234 451 arma

237 489 376 566 cogimus
400 489 555 569 populos?
579 489 659 558 Quid
691 491 843 550 exercitus
872 491 1035 550 scribimus
1062 491 1234 548 directuros

237 587 333 644 aciem
363 586 394 644 in
422 586 531 645 mediis
562 587 735 646 fluctibus?
763 588 843 654 Quid
876 588 971 647 maria
1004 586 1234 667 inquietamus?

240 682 351 741 Parum
365 668 509 742 ¹videlicet
523 684 561 742 ad
584 693 699 743 mortes
720 693 839 744 nostras
853 692 934 744 terra
948 685 1009 744 late
1023 692 1118 764 patet.
1137 682 1235 741 Nimis
1333 709 1334 712 ¹

239 778 368 838 delicate
394 781 517 839 fortuna
538 802 594 839 nos
617 789 728 840 tractat
747 801 754 842 ε
772 782 861 841 nimis
879 782 954 840 dura
967 781 1052 840 dedit
1065 780 1153 838 nobis
1168 799 1237 837 cor·
1333 811 1334 846 i

240 898 325 958 pora,
348 876 468 936 felicem
492 877 711 938 valetudinem.
735 878 804 937 Non
828 878 1034 960 depopulatur
1065 897 1120 936 nos
1148 896 1237 934 casus
1333 919 1334 938 i

240 972 410 1032 incurrens.
428 973 554 1033 Emetiri
563 975 673 1054 cuique
688 996 785 1035 annos
800 996 871 1034 suos
886 996 923 1034 ex
935 973 1096 1033 commodo
1109 973 1191 1042 licet,
1207 979 1239 1030 et
1333 971 1334 1036 l

240 1070 278 1128 ad
307 1079 495 1130 senectutem
525 1072 697 1131 decurrere.
722 1073 829 1152 ltaque
852 1093 957 1131 eamus
985 1072 1015 1129 in
1041 1071 1178 1151 pelaguS,
1208 1075 1239 1126 et

241 1167 387 1226 'vocemus
409 1168 440 1226 in
475 1189 531 1227 nos
553 1168 615 1228 fata
637 1170 799 1228 cessantia.
823 1169 940 1244 Miseri,
970 1165 1239 1249 quidquaeritis?
1333 1219 1334 1224 ,

241 1273 382 1336 mortem,
399 1285 467 1345 quae
485 1265 598 1345 ubique
609 1269 771 1346 superest?

320 1415 404 1471 415.
424 1413 638 1473 Decedence
658 1418 725 1474 des
737 1417 902 1474 sciences
922 1429 971 1474 au
989 1418 1030 1472 10¹
1050 1414 1162 1471 siecle

633 1506 745 1574 apres
763 1506 852 1563 uec.

244 1589 379 1670 (Quanto
401 1589 532 1652 minoris
553 1590 665 1652 haberi
683 1599 790 1673 coepta
811 1591 852 1651 sit
872 1590 1016 1652 doctrina
1039 1589 1146 1672 primo
1169 1593 1242 1668 post

612 1688 699 1752 J.·G.
723 1690 871 1769 saeculo.)

188 1823 230 1886 3θ
283 1828 417 1901 Miraris,
439 1829 463 1886 si
484 1829 619 1888 nondum
642 1829 791 1909 sapientia
813 1850 903 1888 omne
924 1849 1001 1907 opus
1022 1847 1110 1886 suum
1135 1825 1243 1906 imple·

245 1925 314 1985 vit?
337 1925 480 1992 Nondum
492 1933 555 1984 tota
572 1947 602 1984 se
616 1927 752 2006 nequitia
762 1926 902 2006 protulit.
919 1925 1030 1984 Adhuc
1045 1924 1193 1994 nascitur,
1213 1929 1245 1980 et

244 2021 316 2080 huic
329 2043 436 2081 omnes
449 2043 572 2102 operam
589 2023 715 2082 damus:
733 2024 804 2083 huic
819 2023 898 2082 oculi
917 2023 1024 2093 nostri,
1041 2021 1113 2079 huic
1133 2039 1244 2078 manus

245 2119 394 2178 serviunt.
412 2118 459 2176 Ad
475 2119 654 2198 sapientiam
669 2120 736 2199 quis
751 2119 892 2178 accedit?
907 2118 1111 2196 Quisdignam
1122 2113 1246 2194 judicat

245 2215 303 2272 nisi
330 2235 421 2294 quam
446 2216 477 2273 in
506 2216 639 2274 transitu
658 2217 803 2275 noverit?
830 2216 904 2282 Quis
932 2214 1161 2294 philosophiam
1189 2219 1245 2270 aut

246 2311 342 2370 ullum
362 2311 487 2369 liberale
508 2313 631 2391 respicit
646 2314 803 2384 studium,
836 2313 893 2371 nisi
922 2333 990 2371 cum
1017 2311 1082 2370 ludi
1110 2310 1246 2368 interca-

245 2415 347 2478 antur,
367 2428 436 2466 cum
450 2409 561 2489 aliquis
582 2409 708 2488 pluvius
726 2410 897 2468 intervenit
909 2410 983 2480 dies,
1000 2429 1092 2488 quem
1115 2406 1245 2486 perdere
1335 2413 1336 2448 ³

247 2505 341 2563 licet?
362 2506 468 2583 ltaque
488 2513 535 2564 tot
556 2506 679 2564 familiae
703 2506 957 2586 philosophorum
978 2506 1043 2563 sine
1067 2523 1247 2563 successore
1335 2505 1336 2568 J

248 2603 416 2662 deficiunt:
440 2603 617 2662 Academici
636 2611 666 2662 et
690 2611 809 2662 veteres
830 2612 862 2661 et
883 2603 1016 2662 minores
1036 2601 1155 2660 nullum
1177 2599 1248 2658 reli·
1335 2587 1336 2592 ἵ

247 2706 382 2780 querunt
395 2699 575 2758 antistitem.
592 2700 666 2766 Quis
677 2707 723 2758 est
738 2701 790 2780 qui
806 2700 908 2758 tradat
919 2705 1073 2778 praecepta
1088 2697 1249 2768 Zenonis?

182 2783 186 2798 ¹
248 2796 452 2877 Pythagorica
470 2796 520 2854 illa
540 2797 692 2856 invidiosa
711 2797 809 2854 turbae
825 2796 928 2855 schola
947 2803 1167 2875 praeceptorem
1185 2813 1250 2852 non

158 2907 160 2911 '
249 2893 377 2952 invenit.
400 2896 441 2951 At
463 2901 577 2972 quanta
597 2914 672 2951 cura
696 2893 853 2951 laboratur
877 2914 914 2951 ne
944 2894 1032 2972 cujus
1063 2889 1249 2970 pantomimi

248 3011 360 3049 nomen
374 2990 556 3049 intercidat!
574 2991 706 3069 Statper
719 3011 908 3048 successores
922 2988 1045 3068 Pyladis
1065 2996 1095 3046 et
1111 2986 1251 3066 Bathylli

248 3089 385 3147 domus:
408 3088 514 3145 harum
536 3087 647 3146 artium
667 3087 755 3145 multi
777 3087 920 3165 discipuli
943 3094 1024 3158 sunt,
1044 3084 1252 3163 doctoresque

249 3185 350 3243 multi.
382 3185 529 3242 Privatim
555 3185 629 3242 urbe
659 3191 722 3242 tota
744 3191 832 3241 sonat
852 3183 1017 3262 pulpitum.
1039 3179 1253 3259 Philosophiae

250 3280 333 3340 nulla
355 3301 426 3339 cura
449 3289 506 3339 est.
530 3281 638 3358 ltaque
665 3279 740 3338 adeo
761 3278 836 3336 nihil
857 3280 1014 3338 invenitur
1044 3298 1079 3336 ex
1103 3277 1153 3336 his
1179 3297 1254 3356 quae

237 3397 357 3457 -parum
391 3377 574 3453 investigata
603 3376 721 3455 antiqui
758 3376 959 3455 reliquerunt,
988 3383 1022 3434 ut
1051 3373 1149 3432 multa
1181 3393 1255 3454 quae

250 3475 375 3533 inventa
406 3480 492 3531 erant
512 3472 723 3531 obliterentur.
754 3474 805 3542 At,
829 3471 1028 3544 mehercules,
1052 3471 1076 3528 si
1100 3470 1160 3529 hoc
1177 3471 1257 3528 totis

250 3569 395 3628 membris
415 3589 633 3649 premeremus
659 3571 684 3627 si
706 3570 738 3626 in
761 3569 820 3627 hoc
833 3570 982 3647 juventus
1006 3567 1106 3626 sobria
1131 3567 1255 3626 incum-

251 3667 347 3738 beret,
372 3667 429 3725 boc
452 3667 583 3746 majores
604 3665 760 3739 docerent,
790 3666 848 3724 hoc
864 3666 996 3723 minores
1021 3663 1220 3723 addiscerent
1248 3682 1258 3723 :

253 3764 303 3820 vix
326 3764 363 3820 ad
388 3762 517 3820 fundum
544 3762 710 3834 veniretur,
727 3761 831 3841 inquo
848 3762 961 3819 veritas
973 3761 1075 3841 posita
1088 3763 1146 3820 est.

673 3903 831 3954 -300-
