2670 4252
224 150 284 206 35.
305 149 358 206 Le
376 147 521 206 variete
541 150 637 206 dans
655 150 967 221 l’enseignement.

253 261 356 342 (Modo
378 262 463 338 liaeo,
488 261 578 324 modo
601 261 657 324 itta
674 263 771 345 pueri
789 263 936 346 discant.)

132 422 228 481 Stilus
254 391 392 482 lectione*
414 424 588 505 requiescit,
621 431 653 483 et
677 424 774 504 ipsius
799 423 940 484 lectionis
970 423 1096 484 taedium
1123 422 1163 485 2⁸

94 519 214 579 vicibus
251 519 380 579 levatur.
418 521 594 588 Quamlibet
631 521 727 580 multa
760 521 928 600 egerimus,
963 520 1097 601 quodam

93 624 196 676 tamen
219 617 311 676 modo
331 625 469 677 recentes
487 639 593 679 sumus
610 617 648 678 ad
666 618 697 677 id
718 618 801 699 quod
819 618 997 697 incipimus.
1019 618 1096 685 Quis

93 734 154 772 non
169 713 303 773 obtundi
321 722 435 794 potest,
452 714 476 773 si
493 735 548 794 per
563 722 661 774 totum
688 715 768 774 diem
782 715 1005 795 cujuscumque
1022 714 1098 774 artis

92 831 188 868 unum
215 811 396 889 magistrum
418 812 519 870 serat?
546 811 720 872 Mutatione
742 812 941 884 recreabitur,
956 812 1037 870 sicut
1065 811 1098 870 in

90 908 177 978 cibis,
197 929 329 986 quorum
353 909 529 968 diversitate
549 909 686 967 relicitur
704 909 882 968 stomachus
901 916 933 968 et
955 908 1097 988 pluribus

92 1005 212 1063 minore
240 1005 364 1063 fastidio
385 1005 487 1067 alitur.
515 1005 662 1084 Equidem
688 1027 750 1064 non
777 1005 869 1064 video
891 1005 1018 1084 quaesit
1038 1004 1098 1063 alia

91 1102 171 1161 ratio
207 1101 357 1163 discendi.
394 1102 603 1162 Grammatico
636 1103 694 1161 soli
727 1101 949 1176 deserviamus,
986 1100 1098 1161 deinde

91 1206 258 1276 geometrae
281 1206 423 1260 tantum:
450 1199 628 1258 omittamus
656 1199 781 1257 interim
808 1197 892 1278 quod
915 1197 1102 1261 didicimus?

92 1316 163 1355 mox
191 1304 380 1358 transeamus
404 1296 440 1355 ad
466 1296 641 1355 musicum:
661 1295 806 1354 excidant
831 1295 953 1374 priora?
976 1302 1097 1354 etcum

92 1393 424 1452 Latinis‘studebimus
444 1392 564 1464 litteris,
584 1414 648 1452 non
667 1393 867 1472 respiciamus
891 1390 929 1451 ad
955 1391 1079 1452 Graecas
1091 1402 1106 1458 ‘l

91 1497 130 1562 et,
148 1497 184 1548 ut
199 1490 292 1548 semel
312 1489 428 1561 finiam,
449 1489 526 1548 nihil
543 1490 691 1549 faciamus
709 1489 768 1548 nisi
788 1489 1016 1548 novissimum?
1034 1489 1098 1548 Cur

92 1607 152 1646 non
171 1586 254 1644 idem
270 1585 434 1645 suademus
454 1586 615 1664 agricolis:
637 1607 676 1645 ne
694 1608 767 1646 arva
784 1585 875 1645 simul
896 1593 927 1645 et
948 1585 1054 1644 vineta
1068 1592 1100 1644 et

92 1683 175 1742 oleas
190 1690 222 1742 et
237 1683 398 1745 arbustum
416 1682 535 1757 colant;
553 1704 590 1742 ne
605 1683 703 1762 pratis
723 1691 754 1741 et
774 1683 939 1763 pecoribus
951 1691 982 1742 et
996 1682 1099 1740 hortis

92 1790 121 1839 et
140 1780 316 1840 alvearibus
344 1780 514 1859 avibusque
538 1779 775 1839 accommodent
798 1780 927 1839 curam?
950 1780 1015 1839 Cur
1039 1779 1098 1858 ipsi

92 1876 207 1956 aliquid
233 1876 407 1936 forensibus
428 1876 569 1954 negotiis,
595 1875 711 1955 aliquid
736 1875 896 1934 desideriis
916 1875 1096 1946 amicorum,

92 1974 208 2053 aliquid
224 1974 395 2032 rationibus
410 1973 598 2046 domesticis,
613 1972 729 2052 aliquid
749 1993 831 2032 curae
851 1973 1001 2051 corporis,
1023 1991 1099 2030 non·

93 2071 170 2130 nihil
189 2070 402 2150 voluptatibus
420 2071 559 2151 quotidie
579 2071 713 2129 damus?
733 2089 862 2150 quarum
880 2089 936 2127 nos
961 2089 1025 2127 una
1050 2087 1099 2127 res

92 2168 240 2247 quaelibet
259 2166 336 2225 nihil
355 2167 593 2226 intermittentes
613 2167 767 2245 fatigaret.
795 2167 883 2226 Adeo
904 2165 1025 2226 facilius
1051 2172 1100 2224 est

93 2265 190 2323 multa
201 2265 303 2322 lacere
315 2285 408 2344 quam
422 2264 487 2322 diu.

168 2475 229 2532 36.
246 2475 429 2531 Eahltuer
443 2476 600 2532 l’enfent
619 2476 643 2531 a
662 2475 742 2531 etro
764 2474 913 2533 difficile
932 2487 1025 2543 pour

502 2563 693 2620 lui-meme.
729 2588 732 2596 =

172 2685 233 2764 (Ne
255 2693 437 2745 consuescat
453 2705 536 2766 puer
557 2684 661 2744 omnia
683 2705 738 2744 sua
760 2684 867 2745 statim
889 2683 1023 2764 mirari.)

137 2845 338 2903 Narrationes
358 2845 429 2903 stilo
449 2845 593 2925 componi
606 2851 721 2923 quanta
742 2843 875 2903 maxima
894 2844 991 2922 possit
1011 2843 1096 2901 adhi-
1124 2853 1165 2916 2·

97 2941 158 3000 bita
173 2941 332 3019 diligentia
344 2942 427 3000 vole.
443 2923 520 2999 Nam
536 2947 570 3000 ut
585 2941 695 3020 primo,
711 2961 781 2999 cum
797 2961 898 2999 sermo
912 2940 1097 3012 instituitur,

98 3037 195 3097 dicere
210 3058 280 3118 quae
295 3038 450 3096 audierint
468 3038 542 3096 utile
561 3048 607 3095 est
631 3038 734 3116 pueris
750 3038 787 3095 ad
805 3036 952 3116 loquendi
971 3036 1099 3095 faculta-

99 3142 155 3193 tem
180 3119 326 3214 (ideoque
349 3142 381 3192 et
397 3142 478 3193 retro
502 3155 591 3212 agere
615 3134 838 3214 expositionem
859 3142 890 3192 et
911 3154 927 3192 a
945 3133 1044 3191 media
1066 3134 1099 3192 in

100 3239 388 3311 utramquepartem
405 3231 576 3290 discurrere
592 3252 665 3289 sane
680 3231 791 3289 merito
811 3237 971 3307 cogantur,
990 3229 1042 3287 sed
1060 3231 1100 3289 ad

99 3329 244 3404 gremium
260 3328 469 3408 praeceptoris,
486 3337 518 3387 et
537 3328 610 3385 dum
627 3349 689 3386 non
707 3334 847 3406 possunt,
864 3334 895 3385 et
914 3326 987 3385 dum
1001 3348 1048 3386 res
1064 3348 1099 3386 ac

101 3425 187 3485 verba
198 3426 361 3484 conectere
378 3425 543 3503 incipiunt,
559 3431 593 3482 ut
604 3427 746 3505 protinus
762 3424 941 3482 memoriam
953 3421 1099 3500 firment):

99 3521 148 3596 ita,
172 3543 243 3582 cum
265 3522 332 3603 jam
358 3522 487 3580 sormam
513 3529 604 3580 rectae
633 3529 725 3601 atque
755 3520 924 3579 emendata)
950 3521 1099 3579 orationis

98 3620 257 3700 accipient,
275 3618 491 3698 extemporalis
510 3618 674 3696 garrulitas
697 3639 752 3676 nec
772 3625 931 3697 expectata
951 3617 1100 3696 cogitatio

95 3722 128 3773 et
148 3719 195 3777 vix
229 3714 376 3794 surgendi
402 3735 488 3774 mora
516 3715 719 3773 circulatoriae
742 3735 813 3773 vere
834 3714 1011 3794 jactationis
1040 3720 1096 3772 est.

528 3901 668 3953 ..25-
