2678 4250
249 163 441 203 nsAUx-ARTS.
464 177 503 187 -
523 145 674 200 Mbueclns.
698 176 736 186 -
757 161 899 200 AVOCATS.
914 174 955 184 ·-·
975 159 1180 198 PROFESSEURS

221 275 307 334 ribus
326 274 446 334 exculta
466 280 522 333 est.
544 276 589 334 Ac
607 274 714 333 Romae
734 292 857 353 quoque
879 291 941 331 non
959 271 1130 331 mediocres
1154 291 1225 351 pro·

221 370 362 443 sessores,
387 378 429 443 et,
459 377 493 430 ut
512 392 549 430 ex
573 371 695 450 scriptis
719 369 785 449 ejus
809 368 947 447 intellegi
972 374 1084 448 potest,
1112 367 1224 426 borum

221 467 449 526 eruditissimus
470 467 586 545 Meges,
610 466 795 547 quibusdam
822 466 854 524 in
878 466 987 525 melius
1010 463 1147 534 mutatis,
1171 464 1225 522 ali-

221 569 371 644 quantum
391 565 419 622 ei
443 563 613 643 disciplinae
625 562 819 643 adjecerunt.
842 561 915 620 Esse
936 568 1038 621 autern
1060 561 1227 640 chirurgus

221 661 313 721 debet
334 661 525 733 adulescens,
545 667 599 719 aut
623 666 705 718 certe
730 658 946 719 adulescentiae
966 658 1105 742 propior;
1130 677 1225 716 manu

222 763 358 830 strenua,
385 757 497 829 stabili,
523 777 580 816 nec
600 775 745 836 umquam
769 755 1010 828 intremiscente,
1040 775 1137 834 eaque
1160 773 1225 812 non

221 854 324 913 minus
338 854 462 912 sinistra
480 873 572 934 quam
588 853 695 912 dextra
711 859 890 933 promptus;
908 852 973 910 acie
988 851 1147 910 oculorum
1161 850 1226 911 acri

221 951 380 1031 claraque;
402 950 504 1009 animo
521 949 705 1029 intrepidus,
725 949 898 1007 misericors
914 949 969 1020 sic,
985 955 1019 1007 ut
1034 947 1134 1007 sanari
1148 947 1226 1006 velit

222 1068 292 1106 eum
308 1067 398 1128 quem
419 1047 548 1126 accepit,
566 1066 627 1104 non
649 1055 683 1104 ut
699 1045 832 1104 clamore
848 1045 914 1125 ejus
934 1051 1046 1115 motus,
1059 1044 1107 1103 vel
1126 1044 1230 1122 magis

222 1164 313 1223 quam
327 1165 375 1203 res
388 1143 542 1202 desiderat
556 1149 710 1223 properet,
727 1141 777 1200 vel
797 1141 898 1200 minus
921 1162 1012 1221 quam
1034 1161 1158 1200 necesse
1179 1147 1229 1200 est

167 1285 172 1299 .
222 1248 319 1314 secet;
336 1241 389 1300 sed
406 1239 533 1320 perinde
552 1239 645 1298 iaciat
664 1238 767 1299 omnia
789 1239 867 1298 acsi
888 1237 992 1297 nullus
1009 1258 1046 1297 ex
1067 1237 1230 1316 vagitibus

221 1337 348 1396 alterius
362 1338 491 1396 affectus
508 1335 635 1396 oriatur.

221 1540 305 1600 310.
326 1514 538 1598 contre-les
557 1538 742 1609 medecins
767 1551 877 1609 grecs
901 1537 1037 1596 e'tablts
1058 1537 1082 1596 b
1101 1539 1228 1594 Rome.

475 1633 525 1720 (In
545 1655 663 1718 graecos
688 1635 790 1695 Romae
813 1625 971 1715 medicos.)

156 1795 213 1854 Rh,
263 1786 338 1845 Haec
350 1785 451 1844 aiebat
465 1783 538 1844 olim
554 1785 652 1845 Cato:
671 1809 685 1840 «
702 1783 965 1865 Quandocumque
976 1785 1027 1844 isti
1038 1783 1138 1860 Graeci
1153 1804 1230 1843 suas

222 1882 341 1941 litteras
363 1881 491 1953 dabunt,
513 1882 616 1940 omnia
636 1888 861 1961 corrumpent:
883 1889 948 1940 turn
966 1882 1058 1940 etiam
1073 1881 1182 1958 magis,
1202 1881 1229 1940 si
1303 1883 1307 1890 '

223 1979 360 2037 medicos
386 1999 458 2037 suos
484 1978 545 2037 buc
574 1979 709 2037 mittent.
740 1978 891 2037 durarunt
916 1979 996 2038 inter
1021 1998 1053 2037 se
1079 1978 1230 2036 barbaros

224 2095 333 2134 necare
364 2095 470 2134 omnes
497 2075 661 2134 medicina.
686 2099 700 2129 n
727 2070 807 2142 Quid
836 2075 917 2133 enim
946 2094 1135 2134 venenorum
1162 2074 1231 2133 fer-

222 2171 319 2245 tiliuS,
340 2179 394 2230 aut
408 2171 490 2230 unde
503 2171 606 2250 plures
626 2178 881 2230 testamentorum
897 2172 1040 2231 insidiae?
1062 2171 1131 2230 Jam
1150 2192 1231 2230 vero

222 2268 373 2328 adulteria
388 2269 481 2327 etiam
496 2268 528 2326 in
546 2269 720 2347 principum
736 2251 892 2342 domibus,
910 2288 1096 2348 rapacesque
1113 2268 1231 2326 nundi-

223 2385 271 2423 nae
293 2363 500 2444 pendentibus
522 2365 602 2438 satiS,
629 2372 660 2423 et
681 2364 823 2424 dolorum
847 2365 1032 2435 indicatura,
1056 2385 1090 2423 ac
1114 2366 1232 2425 mortis

223 2462 314 2520 arrha
327 2479 334 2519 ε
350 2481 405 2540 per
415 2482 483 2540 quae
494 2463 637 2520 effectum
649 2468 695 2520 est
707 2469 742 2521 ut
753 2462 829 2520 nihil
840 2464 938 2540 magis
950 2462 1096 2542 prodesse
1107 2460 1234 2522 videre-

222 2565 275 2617 tur
288 2578 381 2636 quam
401 2558 568 2616 multitudo
586 2558 789 2635 grassantium
809 2577 816 2619 :
838 2578 937 2639 neque
958 2559 1036 2616 enim
1052 2557 1151 2638 pudor
1169 2560 1232 2618 sed

222 2653 326 2714 aemuli
342 2654 440 2734 pretia
454 2654 651 2713 submittunt.
669 2655 708 2712 Et
723 2654 789 2714 baec
802 2656 940 2734 personis
955 2655 1156 2734 imputentur.
1179 2655 1233 2715 Nc

223 2751 331 2810 faecem
345 2749 469 2830 quidem
489 2758 543 2809 aut
562 2751 715 2809 inscitiam
729 2752 797 2831 ejus
816 2752 915 2810 turbae
935 2772 1099 2830 arguamus
1115 2770 1122 2812 :
1140 2751 1233 2830 ipso-

222 2867 291 2906 rum
307 2847 574 2926 intemperantiam
588 2848 619 2919 in
630 2847 756 2919 morbis,
770 2848 964 2928 imperiosam
984 2848 1128 2917 inediam,
1142 2854 1174 2907 et
1188 2845 1191 2849 ’

222 2943 323 3020 aegris
351 2943 567 3002 deficientibus
586 2944 671 3002 cibos
691 2945 803 3024 saepius
822 2945 872 3003 die
893 2945 1040 3022 ingestos
1057 2953 1088 3004 et
1108 2933 1234 3006 culina-

222 3023 476 3120 rum'praecepta,
501 3047 531 3097 et
555 3048 782 3117 unguentorum
806 3041 966 3103 mixturas.
990 3042 1044 3100 Illa
1064 3041 1234 3121 perdidere

222 3137 343 3216 imperii
363 3157 474 3210 mores,
491 3137 540 3195 illa
562 3158 630 3217 quae
652 3138 717 3197 sani
739 3139 884 3217 patimur,
904 3140 1038 3198 luctatus
1057 3147 1232 3210 ceromata,

195 3292 197 3295 ,
222 3253 279 3292 ceu
297 3233 482 3293 valetudinis
501 3254 592 3292 causa
616 3233 774 3308 instituta3
803 3234 930 3294 balineae
951 3236 1092 3294 ardentes
1111 3235 1235 3315 quibus

223 3351 402 3410 persuasere
417 3331 449 3388 in
465 3329 646 3410 corporibus
663 3331 748 3390 cibos
768 3332 870 3412 coqui,
888 3338 922 3391 ut
937 3352 1027 3391 nemo
1041 3353 1102 3391 non
1121 3333 1235 3394 minus

223 3426 344 3486 validus
368 3428 475 3500 exiret,
500 3421 754 3485 oboedientissimi
785 3449 860 3487 vero
887 3430 1078 3490 efferrentur.
1107 3429 1153 3487 lta
1178 3441 1236 3491 est

223 3523 363 3602 profecto
381 3541 387 3582 :
411 3523 476 3582 lues
495 3544 627 3598 morum,
650 3545 706 3582 nec
718 3525 841 3583 aliunde
861 3527 960 3606 major
981 3547 1072 3605 quam
1092 3546 1107 3584 e
1127 3527 1236 3586 medi-

139 3605 140 3608 *
223 3621 303 3693 cina,
326 3627 428 3677 vatem
447 3640 573 3700 prorsus
589 3621 727 3700 quotidie
747 3622 820 3680 tacit
841 3621 989 3680 Catonern
1008 3631 1038 3681 et
1053 3623 1232 3702 oraculum,

223 3737 293 3776 cum
311 3715 389 3774 dixit
407 3734 414 3776 ε
433 3740 447 3771 a
465 3715 544 3775 Satis
559 3738 624 3776 esse
643 3717 766 3804 ingenia
786 3717 964 3782 Graecorum
980 3718 1143 3799 inspicere,
1161 3740 1234 3782 non

223 3811 440 3893 perdiscereJ»
528 3817 530 3822 '

261 3900 263 3904 '
643 3923 678 3932 -
697 3895 748 3946 218
767 3924 797 3934 -
