2670 4252
426 185 429 192 ’
511 193 709 232 msrnucrrorr.
734 207 771 217 -
793 173 953 231 u'nucarrou

629 260 633 289 l

231 303 352 362 ordine.
372 303 440 362 Non
458 303 589 362 excludo
610 312 712 364 autem
731 303 763 363 id
783 304 866 384 quod
885 313 931 363 est
949 311 1068 368 notum.
1086 304 1237 363 eburneas

230 399 324 458 etiam
338 400 509 460 litterarum
521 401 634 460 formas
648 402 679 460 in
698 401 799 460 lusum
815 404 934 476 ollerre,
952 398 1000 460 vel
1012 401 1036 460 si
1051 400 1125 481 quid
1141 400 1235 472 aliud,

230 516 294 576 quo
310 497 407 574 magis
427 497 477 557 illa
491 506 566 557 aetas
599 499 740 576 gaudeat,
757 498 889 557 inveniri
905 503 1017 579 potest,
1044 497 1128 579 quod
1156 505 1238 556 trac-

228 600 304 664 tare,
345 595 472 668 intueri,
503 595 662 654 nominare
688 595 860 674 jucundum
893 596 942 654 sit.
969 597 1047 655 Cum
1074 615 1148 654 vero
1171 594 1238 674 jam

228 689 340 748 ductus
366 692 451 771 sequi
474 693 614 772 coeperit,
645 712 706 750 non
726 692 835 751 inutile
859 692 917 750 erit
933 713 984 750 eas
1003 691 1123 758 tabellae
1143 711 1237 770 quam

228 786 344 865 optime
365 787 510 867 insculpi,
536 795 571 847 ut
594 809 649 867 per
669 786 738 847 illos
757 788 843 847 velut
864 789 965 847 sulcos
986 787 1117 846 ducatur
1134 787 1235 845 stilus.

229 882 307 940 Nam
327 905 427 963 neque
448 884 563 945 errabit
587 886 848 964 quemadmodum
863 885 895 943 in
917 885 993 944 ceris
1016 884 1239 964 (continebitur

230 981 313 1039 enim
331 981 485 1060 utrimque
496 981 686 1059 marginibus
702 1003 801 1062 neque
811 990 897 1042 extra
910 982 1122 1062 praescriptum
1132 979 1237 1058 egredi

229 1077 368 1156 poterit),
394 1084 425 1136 et
450 1077 580 1136 celerius
606 1098 641 1137 ac
665 1079 777 1158 saepius
801 1077 958 1160 sequendo
992 1085 1076 1137 certa
1107 1077 1238 1154 vestigia

229 1174 366 1233 firmabit
388 1174 544 1247 articulos,
570 1196 670 1254 neque
692 1175 794 1254 egebit
813 1175 968 1256 adjutorio
995 1196 1119 1235 manum
1149 1194 1236 1233 suam

228 1292 321 1330 manu
350 1271 588 1351 superimposita
628 1273 772 1350 regentis.
803 1273 874 1331 Non
891 1279 938 1332 est
957 1273 1056 1332 aliena
1084 1292 1142 1342 res,
1167 1290 1237 1350 quae

227 1367 290 1427 fere
309 1369 349 1426 ab
369 1368 506 1427 honestis
527 1369 648 1447 neglegi
664 1369 752 1441 solet,
776 1389 847 1428 cura
863 1368 941 1428 bene
954 1389 989 1428 ac
1001 1369 1149 1428 velociter
1161 1368 1237 1425 scri·

227 1463 333 1523 bendi.

490 1599 550 1656 31.
566 1600 637 1656 sur
650 1599 706 1654 les
721 1571 971 1656 recreetions.

435 1693 546 1775 (Detur
555 1693 719 1774 discipulis
731 1693 842 1775 aliqua
858 1693 1026 1776 remissie.)

161 1829 202 1894 3⁸
268 1834 378 1894 Danda
398 1843 445 1894 est
468 1835 611 1894 omnibus
626 1836 728 1915 aliqua
752 1835 893 1895 remissio
915 1854 1003 1895 :non
1033 1835 1135 1893 solum
1158 1836 1232 1915 quia

229 1930 312 1992 nulla
341 1953 389 1990 res
416 1939 463 1990 est
493 1953 561 2013 quae
586 1933 719 2012 perferre
748 1933 846 2011 possit
869 1933 1052 1991 continuum
1082 1931 1234 2004 laborem,
1309 1959 1310 1964 ¹

228 2021 320 2109 atque
339 2050 373 2088 ea
393 2049 526 2110 quoque,
550 2051 617 2110 quae
637 2051 727 2088 sensu
745 2037 776 2088 et
795 2030 896 2089 anima
916 2037 1032 2099 carent,
1057 2037 1092 2088 ut
1111 2049 1235 2087 servare
1309 2053 1310 2074 i

227 2126 291 2184 vim
313 2147 398 2184 suam
422 2127 552 2205 possint,
572 2127 658 2186 velut
677 2127 780 2207 quiete
798 2128 915 2187 alterna
934 2127 1157 2198 retenduntur3
1179 2125 1235 2183 sed

227 2221 311 2301 quod
333 2223 471 2281 studium
494 2223 632 2282 discendi
652 2223 822 2298 voluntate,
845 2245 914 2304 quae
937 2223 1005 2301 cogi
1030 2243 1092 2281 non
1118 2229 1234 2301 potest,

227 2326 360 2378 constat.
379 2320 485 2398 ltaque
500 2327 531 2379 et
544 2321 656 2380 virium
668 2321 737 2400 plus
753 2323 886 2380 afferunt
896 2321 935 2379 ad
946 2319 1128 2378 discendum
1143 2339 1235 2376 reno-

227 2416 293 2474 vati
314 2436 348 2474 ac
366 2424 557 2490 recentes,et
575 2417 723 2476 aeriorem
742 2418 890 2488 animum,
909 2417 962 2496 qui
983 2417 1045 2474 lere
1066 2415 1235 2474 necessita-

227 2511 310 2570 tibus
331 2521 494 2592 repugnat.
516 2513 580 2572 Nec
598 2534 646 2571 me
665 2513 828 2572 offenderit
847 2512 931 2572 lusus
950 2513 982 2570 in
1002 2513 1121 2591 pueris;
1140 2520 1186 2570 est
1204 2519 1232 2569 et
1308 2507 1309 2568 ᾗ

227 2608 288 2667 hoc
312 2610 434 2688 signum
459 2609 640 2682 alacritatis;
670 2630 769 2688 neque
792 2608 878 2667 illum
907 2609 1026 2667 tristem
1051 2629 1232 2688 semperque
1308 2635 1309 2686 3

227 2704 395 2765 demissum
412 2726 534 2785 sperare
548 2707 662 2785 possim
683 2713 791 2763 ereetae
811 2705 891 2763 circa
912 2704 1010 2763 studia
1025 2706 1137 2763 mentis
1154 2704 1229 2774 lore,
1308 2691 1309 2696 ἵ

227 2823 298 2862 cum
314 2803 347 2861 in
362 2802 420 2861 hoc
434 2823 558 2883 quoque
574 2803 705 2861 maxime
726 2800 859 2860 naturali
880 2802 1023 2860 aetatibus
1037 2801 1097 2860 illis
1114 2803 1231 2880 impetu

224 2901 338 2980 jaceat.
353 2899 467 2958 Modus
480 2906 582 2958 tamen
602 2899 643 2958 sit
661 2898 904 2971 remissionibus,
923 2920 960 2956 ne
974 2905 1027 2956 aut
1041 2897 1146 2956 odium
1168 2906 1233 2956 stu·
1250 2915 1253 2924 ’

226 2995 348 3056 diorum
364 2996 479 3055 laciant
493 3003 622 3073 negatae,
635 3003 689 3054 aut
699 2995 1018 3054 otiiconsuetudinem
1032 2994 1233 3053 nimiae.Sunt

226 3095 320 3154 etiam
341 3091 483 3152 nonnulli
508 3092 652 3151 acuendis
676 3111 842 3171 puerorum
867 3092 1000 3169 ingeniis
1023 3113 1084 3150 uon
1107 3091 1235 3150 inutiles

226 3192 323 3263 lusus,
351 3211 421 3249 cum
450 3189 560 3269 positis
585 3188 716 3247 invicem
740 3189 963 3269 cujuscumque
990 3189 1109 3266 generis
1133 3209 1236 3267 quaes·
1307 3227 1308 3270 1

226 3287 374 3349 tiunculis
395 3286 590 3346 aemulantur.
617 3284 720 3344 Mores
744 3304 868 3365 quoque
900 3307 931 3344 se
958 3287 1039 3344 inter
1063 3284 1235 3344 ludendum

226 3383 396 3464 simplicius
407 3383 571 3460 detegunt:
584 3381 677 3439 modo
690 3382 773 3441 nulla
786 3382 929 3441 videatur
942 3391 1015 3441 etas
1026 3389 1087 3440 tam
1098 3381 1232 3448 infirma.

225 3501 294 3563 quae
321 3500 384 3538 non
406 3479 548 3559 protinus
579 3478 654 3558 quid
685 3485 801 3537 rectum
837 3499 1031 3559 pravumque
1060 3478 1100 3536 sit
1120 3476 1235 3537 discat:

224 3587 291 3639 tum
313 3576 361 3636 vel
380 3576 513 3634 maxime
532 3574 704 3649 formanda,
730 3596 799 3634 cum
823 3575 990 3634 simulandi
1012 3575 1112 3633 nescia
1134 3581 1182 3634 est
1202 3585 1235 3634 et

225 3672 479 3757 praecipientibus
499 3671 645 3731 facillime
665 3672 756 3731 cedit.
779 3673 915 3750 Frangas
935 3672 1016 3730 enim
1032 3671 1124 3730 citius
1139 3691 1233 3751 quam

225 3771 374 3850 corrigas,
390 3789 459 3850 quae
474 3768 505 3827 in
521 3790 654 3849 pravum
670 3768 886 3830 induruerunt.

655 3919 795 3971 ..22-
