2678 4250
271 197 273 202 ¹
358 169 361 176 '
387 191 518 230 voraces
536 193 570 229 ur
591 165 765 231 cumosur'sss
783 205 821 216 -
838 191 874 228 m
887 190 1041 228 esuriere

398 611 481 673 232.
496 615 566 670 Les
582 612 732 683 jardtns
751 614 796 671 de
815 613 849 671 J.
870 611 1034 671 martial.

496 813 553 894 (De
569 811 656 906 ¹Julii
675 813 832 874 Martialis
854 812 978 894 hortis.)

358 1173 421 1233 Juli
439 1174 547 1255 jugera
568 1195 664 1255 pauca
686 1175 847 1249 Martialis,
885 1182 889 1188 '

360 1271 466 1337 Hortis
490 1271 693 1351 Hesperidum
715 1272 860 1344 beatiora,

359 1368 465 1446 Longo
485 1368 618 1427 laniculi
637 1369 712 1449 jugo
734 1370 927 1430 recumbunt.

360 1464 427 1523 Lati
448 1463 578 1524 collibus
599 1463 761 1524 imminent
781 1487 929 1537 recessus

360 1560 399 1620 Et
420 1561 529 1641 planus
550 1561 672 1621 modico
694 1569 814 1620 tumore
835 1569 941 1620 vertex
1007 1588 1009 1591 ·

350 1656 445 1716 'Caelo
466 1659 635 1737 perfruitur
657 1659 811 1717 sereniore
829 1676 835 1732 ;

361 1753 409 1826 Et,
432 1775 541 1813 curvas
562 1755 673 1813 nebula
693 1762 815 1833 tegente
837 1754 941 1824 valles,

359 1850 450 1910 Solus
471 1851 538 1909 luce
559 1852 637 1910 nitet
650 1851 804 1931 'peculiari
827 1869 833 1912 :
940 1903 941 1906 ,

360 1947 449 2007 Puris
471 1947 580 2006 leniter
599 1947 803 2007 admoventur
823 1947 913 2007 astris

360 2043 458 2103 Celsae
480 2045 613 2103 culmina
635 2045 764 2103 delicata
786 2045 878 2103 villae.
910 2083 914 2091 ·

362 2141 442 2200 Hinc
464 2148 581 2220 septem
603 2141 744 2200 dominos
765 2140 869 2199 videre
890 2148 1022 2215 monteS,

363 2237 401 2295 Et
421 2245 517 2296 totam
539 2238 612 2296 licet
633 2237 784 2296 aestimare
806 2238 948 2310 Romam,

361 2334 497 2392 Albanos
518 2355 640 2414 quoque
660 2334 870 2414 Tusculosque
892 2334 997 2408 colles,

364 2431 401 2489 Et
422 2431 637 2511 quodcumque
656 2431 738 2510 jacet
760 2430 816 2489 sub
840 2430 921 2489 Urbe
943 2430 1050 2509 trigue,

360 2527 492 2586 Fidenas
514 2535 632 2586 veteres
654 2527 824 2606 brevesque
845 2525 977 2586 Rubrae.

364 2624 608 2682 lllincFlaminiae
630 2623 816 2702 Salariaeque

361 2719 506 2779 Gestator
527 2728 621 2800 patet,
645 2720 752 2779 essedo
774 2727 905 2793 tacente,

362 2817 407 2876 Ne
428 2816 540 2876 blando
563 2825 628 2876 rota
651 2818 691 2875 sit
713 2817 840 2875 molesta
863 2837 971 2876 somno
995 2835 1002 2878 τ

361 2913 459 2980 Quem
481 2935 537 2972 uec
559 2935 700 2993 rumpere
722 2914 881 2972 nauticum
903 2913 1051 2983 celeuma,

362 3012 424 3069 Nec
445 3011 560 3069 clamor
580 3011 662 3069 valet
684 3010 912 3083 helciariorum,
1022 3051 1023 3054 =

360 3108 439 3167 Cum
461 3107 500 3165 sit
520 3115 583 3165 tam
605 3128 700 3187 prope
722 3107 869 3179 Mulvius,
894 3127 1076 3186 sacrumque

360 3205 467 3283 Lapsae
490 3224 543 3283 per
563 3204 697 3262 Tiberim
719 3204 826 3262 volent
847 3203 970 3262 carinae.

362 3301 430 3360 Hoc
450 3321 513 3373 rus,
538 3321 591 3358 seu
612 3301 717 3379 potius
738 3300 848 3360 domus
870 3300 1010 3359 vocanda
1030 3303 1088 3372 est,

315 3406 317 3412 '
361 3397 566 3458 Commendat
586 3397 752 3470 dominus;
775 3403 860 3455 tuam
882 3396 1028 3476 putabis:

360 3495 435 3552 Tam
457 3514 519 3552 non
540 3494 655 3566 invida,
680 3502 804 3572 tamque
826 3493 970 3567 liberalia,

361 3591 435 3647 Tam
456 3590 536 3649 comi
557 3598 642 3671 patet
663 3590 883 3670 hospitalitate.

362 3684 475 3744 Credas
498 3687 620 3746 Alcinoi
642 3687 709 3766 pios
731 3691 868 3766 penates,

653 3909 809 3956 *162-
