2682 4258
340 172 423 232 492.
445 173 661 242 Asplratlon
681 173 706 230 a
723 173 764 228 la
782 172 888 228 mort.

475 259 572 340 (Mors
594 260 742 340 vocatur.)

157 375 409 455 Sapientissimus
425 375 555 455 quisque
573 374 748 456 aequissimo
768 374 873 434 animo
888 373 1029 447 moritur,
1042 369 1119 434 stul·
1135 367 1176 432 2⁶

118 473 254 531 tissimus
268 472 473 552 iniquissimo.
493 471 643 551 Equidem
659 473 769 530 efferor
781 471 886 531 studio
901 472 1033 552 majores
1049 492 1121 530 nos-

118 577 181 628 tros
204 569 328 628 videndi
344 588 351 641 ;
366 590 466 650 neque
482 589 556 627 vero
572 589 624 628 eos
643 569 725 628 solos
741 569 908 628 convenire
929 589 1016 638 aveo,
1042 589 1120 648 quos

119 667 184 745 ipse
199 667 342 744 cognovi,
359 666 411 725 sed
428 666 496 724 illos
510 666 614 736 etiam,
632 665 795 746 dequibus
816 666 932 738 audivi,
952 675 982 724 et
1004 665 1075 744 legi,
1090 672 1121 726 et

119 763 184 842 ipse
197 762 376 842 conscripsi.
395 762 461 830 Quo
476 762 600 843 quidem
623 783 671 821 me
692 763 938 842 proficiscentem
953 762 1034 822 haud
1047 783 1121 822 sane

117 859 189 939 quis
200 859 288 919 facile
301 860 475 931 retraxerit,
487 880 543 918 uec
559 867 716 940 tamquam
731 859 844 918 Peliam
863 860 1024 920 recoxerit.
1043 859 1082 919 Et
1094 859 1120 917 si

119 957 188 1036 quis
217 955 292 1015 deus
322 957 397 1015 mihi
425 956 581 1034 largiatur,
613 965 647 1014 ut
677 978 714 1016 ex
745 957 802 1015 hac
827 965 928 1016 aetate
960 977 1121 1036 repueras-

117 1074 186 1112 cam
213 1053 299 1113 etin
324 1054 412 1113 cunis
440 1054 570 1131 vagiam,
606 1053 696 1112 valde
728 1074 877 1114 recusem.
915 1053 995 1121 Quid
1028 1053 1122 1115 habet

119 1151 201 1209 enim
222 1151 284 1209 vita
297 1150 473 1210 commodi?
487 1149 562 1231 quid
582 1171 645 1209 nou
657 1151 761 1230 potius
780 1150 893 1210 laboris
907 1153 922 1210 ‘3
936 1151 995 1210 Sed
1009 1151 1121 1210 habeat

117 1269 192 1306 sane
212 1247 327 1307 :habet
339 1254 422 1306 certe
435 1255 537 1306 tamen
553 1255 607 1306 aut
622 1248 794 1307 satietatem
810 1255 865 1307 aut
875 1247 1011 1308 modum.
1030 1247 1120 1307 Com·

119 1344 261 1403 morandi
282 1344 363 1404 enim
388 1353 499 1403 natura
523 1344 732 1403 deversorium
756 1345 856 1417 nobis,
874 1366 935 1404 non
964 1345 1120 1404 babitandi

117 1441 215 1501 dedit.
235 1439 260 1500 O
274 1441 453 1521 praeclarum
469 1441 561 1513 diem,
575 1462 645 1499 cum
659 1441 689 1498 in
704 1441 780 1500 illud
793 1442 932 1500 divinum
948 1442 1120 1501 animorum

117 1538 284 1598 consilium
300 1545 476 1618 coetumque
503 1537 689 1618 proficiscar,
712 1559 844 1619 cumque
861 1560 898 1598 ex
910 1538 968 1598 hac
987 1539 1077 1598 turba
1091 1547 1121 1598 et

119 1636 296 1694 colluvione
311 1635 482 1695 discedant
499 1635 681 1694 Prollciscar
697 1636 777 1695 enim
797 1658 858 1695 non
883 1636 920 1695 ad
943 1657 994 1695 eos
1021 1637 1120 1696 solum

119 1733 215 1810 viros,
241 1732 414 1811 dequibus
439 1740 511 1792 aute
536 1733 610 1806 dixi,
639 1754 747 1792 verum
770 1734 862 1793 etiam
897 1734 934 1793 ad
971 1733 1121 1793 Catonem
1193 1747 1197 1755 “

120 1850 235 1902 meum,
254 1850 317 1910 quo
331 1849 421 1888 nemo
434 1829 480 1887 vir
492 1829 601 1888 melior
617 1837 777 1902 natusest,
792 1852 883 1890 nemo
907 1832 1022 1911 pietate
1044 1852 1123 1911 prae-

119 1927 263 2000 stantior,
289 1927 411 2007 cujusa
433 1947 481 1986 me
505 1947 616 2006 corpus
639 1934 684 1986 est
701 1937 882 2001 crematum,
905 1929 1026 1988 animus
1048 1949 1122 1988 vero

122 2044 185 2084 nou
201 2043 250 2082 me
265 2023 420 2095 deserens,
444 2022 497 2082 sed
517 2032 693 2103 respectans
714 2025 745 2083 in
761 2046 795 2083 ea
814 2027 954 2105 profecto
976 2026 1042 2086 loca
1062 2025 1122 2084 dis·

120 2121 226 2193 cessit,
241 2141 304 2201 quo
319 2121 395 2179 mihi
408 2121 466 2201 ipsi
482 2121 628 2180 cernebat
649 2143 714 2180 esse
734 2122 933 2188 veniendum.
957 2122 1072 2190 Quodsi
1090 2123 1122 2182 iu

122 2219 181 2277 hoc
193 2239 273 2291 erro,
299 2218 352 2298 qui
368 2218 486 2277 animos
508 2217 667 2278 hominum
689 2219 877 2278 immortales
900 2241 964 2280 esse
986 2219 1122 2279 credam»

121 2315 256 2374 libenter
276 2336 355 2387 erro,
370 2335 427 2374 uec
446 2315 522 2374 mihi
545 2314 628 2374 hunc
650 2336 795 2390 errorem,
812 2337 873 2396 quo
884 2317 1031 2391 delector,
1048 2318 1122 2377 dum

124 2412 209 2486 vivo,
224 2411 400 2492 extorqueri
416 2412 498 2476 volo.

228 2542 313 2602 493.
334 2545 427 2600 Tout
445 2546 565 2600 meunt
585 2546 680 2602 daus
698 2547 737 2603 la
756 2549 900 2615 nature,
921 2550 1017 2606 mats

478 2644 571 2701 pour
590 2635 766 2691 renaitre.

216 2716 355 2800 (Omnia,
379 2739 460 2801 quae
483 2718 513 2777 in
538 2740 643 2778 rerum
666 2729 776 2780 natura
804 2721 1030 2801 dissolvuntur,

514 2811 746 2886 renascuntur.)

163 2929 365 3009 Quocumque
373 2929 556 3002 obversariS,
567 2939 597 2990 et
611 2931 724 2991 divinae
738 2933 948 3014 circumspicis
961 2938 1124 3017 potestatis
1139 2927 1188 2986 ml

122 3027 275 3106 exempla,
299 3026 376 3084 nihil
397 3048 524 3107 prorsus
548 3028 696 3099 occidere,
724 3030 800 3088 nihil
821 3032 936 3091 aboleri
956 3054 1012 3113 pro
1028 3036 1122 3094 mani·

123 3124 204 3182 testo
220 3131 276 3194 est,
293 3124 406 3182 nedum
423 3124 578 3182 hominem
589 3133 690 3203 putes
711 3127 783 3185 Dies
799 3129 929 3188 moritur
941 3131 972 3188 in
989 3140 1122 3204 noctem,

123 3229 155 3280 et
188 3219 323 3280 tenebris
351 3241 572 3300 usquequaque
610 3223 771 3301 sepelitur;
809 3225 984 3286 funestatur
1017 3229 1124 3288 mundi

125 3319 242 3390 lrouos3
259 3317 396 3387 sordent,
414 3318 516 3390 silent,
541 3325 667 3397 stupent
687 3329 815 3389 cuncta:
841 3322 955 3404 ubique
967 3325 1124 3406 justitium

122 3422 192 3474 est:
223 3415 264 3474 ita
292 3415 345 3474 lux
359 3415 469 3473 amissa
491 3415 635 3493 lugetur;
664 3425 812 3476 ettamen
839 3441 946 3481 rursus
970 3444 1038 3482 cum
1068 3445 1126 3484 suo

126 3511 225 3584 cultu,
240 3532 309 3570 cum
324 3512 387 3571 sole
403 3512 508 3571 eadem
530 3519 560 3571 et
575 3513 693 3591 integra
717 3516 861 3576 universo
874 3520 941 3577 orbi
954 3521 1124 3596 reviviscit,

127 3615 248 3666 noctem
263 3608 451 3681 rescindens,
466 3608 656 3688 sepulturam
679 3631 776 3685 suam,
792 3613 857 3692 ipsa
879 3615 1003 3676 sibimet
1024 3619 1123 3692 heres,

123 3705 224 3762 donec
240 3710 271 3762 et
288 3724 349 3761 nox
370 3705 535 3763 reviviscat
556 3726 626 3764 eum
649 3728 704 3765 suo
726 3719 886 3788 apparatu.
910 3713 1029 3774 Rursus
1042 3716 1124 3776 enim

124 3799 339 3861 accenduntur
377 3799 535 3860 stellarum
568 3801 657 3875 radii,
693 3825 770 3883 quos
815 3811 986 3871 matutinus
1023 3813 1127 3893 fulgor

549 3925 707 3978 -361-
