2678 4250
32 149 33 160 ¹
104 165 203 221 rodem.
219 197 259 206 -
276 167 389 223 rotrnss.
407 199 445 206 -
461 167 636 228 daoouescu.
651 197 687 206 -
706 183 867 222 oaarnuus.
885 197 924 206 —
945 164 1098 222 andrenes

99 612 178 670 853.
198 615 252 671 La
267 611 415 684 grande
428 612 623 684 eloquenoe
638 615 697 671 est
716 607 851 670 comme
877 613 919 670 Ia
936 613 1093 670 flamme.

293 811 420 896 (Meque
439 811 624 897 eloquentia
636 814 716 874 sicut
740 809 895 896 stenima.)

103 1227 108 1233 -
134 1195 244 1272 Magna
257 1195 442 1274 eloquentia,
459 1195 539 1253 sicut
551 1195 683 1267 flamma,
698 1194 824 1252 materia
836 1194 938 1269 alitur,
956 1199 987 1251 et
1001 1192 1092 1250 moti·
1106 1191 1162 1246 Rh-

98 1287 149 1349 bus
161 1291 324 1360 excitatur,
354 1297 385 1350 et
401 1291 519 1351 urendo
536 1291 687 1351 clarescit.
710 1291 824 1349 Eadem
840 1290 918 1349 ratio
942 1290 974 1347 in
987 1296 1095 1347 nostra
1160 1301 1161 1304 ’

97 1407 215 1467 quoque
231 1388 356 1447 civitate
372 1389 569 1468 antiquorum
592 1388 800 1467 eloquentiam
826 1375 980 1467 provexit.
1002 1384 1092 1455 Nam,

96 1485 149 1543 etsi
165 1484 274 1543 horum
294 1505 416 1565 quoque
436 1493 611 1564 temporum
628 1493 765 1556 oratores
786 1505 821 1543 ea
846 1482 1004 1542 consecuti
1022 1488 1096 1540 sunt

97 1601 172 1658 quae,
190 1582 372 1662 composita,
389 1589 419 1640 et
444 1583 558 1660 quieta,
580 1588 611 1640 et
625 1582 715 1642 beata
738 1581 906 1660 republica,
933 1579 1029 1638 tribui
1049 1577 1095 1636 las

97 1685 167 1751 erat,
185 1685 285 1736 tamen
313 1678 365 1737 illa
387 1679 618 1758 perturbatione
637 1699 672 1737 ac
694 1678 817 1737 licentia
831 1677 918 1756 plura
936 1676 994 1734 sibi
1006 1695 1096 1734 asse·

97 1774 146 1851 qui
171 1775 365 1849 videbantur,
382 1796 463 1847 cuni,
490 1775 592 1834 mixtis
613 1775 757 1834 omnibus
771 1782 802 1833 et
823 1773 1017 1832 moderatore
1034 1793 1096 1830 uno

96 1871 279 1944 carentibus,
313 1879 432 1931 tantum
466 1873 596 1952 quisque
634 1880 739 1931 orator
775 1876 907 1950 saperet,
944 1875 1096 1947 quantum

96 1969 204 2026 erranti
222 1969 343 2048 populo
362 1969 538 2048 persuaderi
557 1976 689 2048 poterat.
713 1969 793 2026 Hinc
819 1967 902 2046 leges
919 1965 1052 2025 assiduae
1064 1973 1096 2024 et

98 2065 239 2142 populare
255 2086 378 2135 nomen,
393 2065 465 2124 hinc
480 2067 640 2124 contiones
653 2066 889 2144 magistratuum
916 2084 1005 2144 paene
1028 2083 1096 2142 per·
1117 2081 1120 2088 ’

97 2163 283 2220 noctantium
295 2163 326 2219 in
337 2163 454 2234 rostris,
470 2163 541 2221 hinc
558 2163 769 2222 accusationes
779 2161 958 2242 potentium
971 2179 1094 2218 reorum

96 2265 125 2314 et
149 2259 309 2336 assignata*
338 2260 430 2317 etiarn
451 2260 594 2319 domibus
623 2260 802 2331 inimicitiae,
829 2259 901 2316 hinc
931 2276 1094 2336 procerum

98 2352 240 2413 lectiones
259 2363 289 2414 et
315 2355 436 2430 assidua
458 2364 583 2415 senatus
608 2356 755 2416 adversus
772 2357 893 2436 plebem
911 2353 1093 2413 certamina.

96 2448 166 2514 Quae
182 2451 311 2528 singula,
333 2452 389 2510 etsi
418 2453 631 2512 distrahebant
655 2453 887 2532 rempublicam,
911 2449 1097 2511 exercebant

96 2553 192 2605 tamen
202 2549 324 2606 illorum
338 2556 510 2628 temporum
525 2550 734 2630 eloquentiam
755 2558 786 2609 et
801 2549 919 2626 magnis
936 2547 1096 2607 cumulare
1185 2558 1187 2562 '

97 2645 441 2718 praemiisvidebantur:
470 2647 553 2726 quia,
582 2656 697 2726 quanto
711 2647 840 2726 quisque
865 2645 934 2725 plus
961 2643 1094 2703 dicendo

97 2747 224 2816 poterat,
242 2749 327 2800 tanto
354 2743 474 2801 facilius
490 2742 622 2802 honores
644 2742 875 2822 assequebatur,
892 2748 981 2800 tanto
997 2740 1096 2818 magis

96 2834 125 2891 in
146 2836 217 2914 ipsis
232 2838 401 2897 honoribus
414 2840 547 2918 collegas
562 2861 634 2899 suos
653 2840 808 2910 anteibat,
821 2845 909 2898 tanto
926 2838 996 2918 plus
1006 2835 1092 2916 apud
1162 2866 1163 2869 ¹

96 2932 243 3013 principes
252 2936 369 3014 gratiae,
387 2937 455 3014 plus
477 2936 669 2995 auctoritatis
684 2936 765 3015 apud
782 2944 893 3016 patreS,
918 2936 990 3014 plus
1012 2934 1094 2993 noti-

96 3027 144 3087 tiae
160 3051 192 3088 ac
211 3033 344 3090 nominis
365 3033 447 3111 apud
472 3033 593 3112 plebem
613 3035 751 3113 parabat.
772 3032 811 3092 Hi
827 3032 980 3092 clientelis
1000 3031 1093 3090 etiam

95 3133 260 3187 exterarum
278 3130 682 3203 nationumredundahann
696 3132 751 3190 hos
769 3131 840 3189 ituri
866 3130 896 3189 in
917 3128 1095 3210 provincias

96 3223 285 3300 magistratus
309 3226 539 3298 reverebantur,
579 3228 635 3285 lios
660 3229 776 3286 reversi
808 3226 969 3298 colebant;
991 3225 1048 3283 hos
1063 3232 1095 3284 et

97 3326 271 3395 praeturaeet
283 3323 460 3382 consulatus
477 3345 587 3382 vocare
604 3324 684 3382 ultro
705 3324 910 3396 videbantur;
924 3322 956 3378 hi
978 3342 1017 3380 ne
1031 3320 1095 3399 pri-

95 3415 157 3474 vati
170 3418 290 3496 quidem
306 3420 370 3478 sine
385 3427 538 3499 potestate
554 3429 650 3490 erant,
671 3441 740 3479 curn
756 3428 786 3479 et
801 3419 951 3500 populum
966 3425 996 3476 et
1008 3438 1095 3476 seua-

95 3517 158 3570 tum
177 3517 301 3575 consilio
317 3525 347 3575 et
362 3517 544 3576 auctoritate
562 3525 713 3594 regerent.
736 3517 816 3584 Quin
836 3518 931 3575 immo
953 3514 1012 3573 sibi
1034 3514 1093 3594 ipsi

96 3620 305 3686 persuaserant
326 3615 479 3672 neminem
502 3613 567 3672 sine
591 3615 765 3694 eloquentia
787 3621 841 3674 aut
861 3611 984 3693 assequi
1002 3631 1096 3690 posse

96 3704 125 3761 in
139 3705 260 3767 civitate
273 3711 417 3769 auttueri
433 3711 635 3790 conspicuum
652 3720 681 3770 et
696 3711 881 3770 eminentem
897 3710 1008 3773 locuni.

512 3905 668 3954 -249-
