2678 4250
318 197 390 236 uuxs
411 197 462 236 uss
484 169 654 252 sarrnsnrs,
677 199 714 239 ns
735 202 770 239 sa
791 202 891 254 raaia,
912 202 949 240 us
970 202 1005 240 ss
1026 201 1138 240 renuas

226 316 391 392 tutumque
416 310 454 370 ab
471 320 602 393 utroque
620 313 713 372 latere
738 313 902 372 decursum
929 313 1062 374 navibus
1079 320 1228 394 praestet:
1325 321 1326 380 l

170 461 179 495 ί
226 407 360 486 assurgit
374 416 476 468 autem
491 417 556 468 arte
571 410 710 472 visenda.
729 411 868 490 Ingentia
887 432 958 470 saxa
977 409 1127 470 latissima
1142 410 1230 469 navis

226 505 388 583 provehit:
403 514 510 565 contra
525 505 591 566 haec
605 506 663 565 alia
686 499 779 586 super
798 507 856 566 alia
871 507 990 588 dejecta
1008 508 1075 588 ipso
1092 507 1228 587 pondere

225 608 361 675 manent,
391 623 426 662 ac
449 604 563 662 sensim
590 603 723 684 quodam
744 597 830 663 uelut
853 625 964 682 aggere
992 611 1227 664 construuntur.

227 697 348 757 Eminet
356 699 420 779 jam
434 706 465 758 et
475 707 603 779 apparet
613 721 736 760 saxeum
746 701 882 774 dorsum,
892 701 1103 781 impactosque
1115 701 1229 760 fluctus

224 794 256 852 in
269 794 451 855 immensum
465 796 556 856 elidit
570 805 601 855 et
614 797 705 858 tollit.
725 799 838 856 Vastus
850 797 912 856 illic
921 797 1033 876 fragor,
1057 817 1230 878 canumque

223 891 304 950 circa
317 912 411 951 mare.
427 892 514 952 Saxis
527 893 639 952 deinde
653 894 724 974 pilae
737 895 934 975 adjicientur,
951 915 1030 974 quae
1044 891 1230 975 procedente

224 994 361 1067 tempore
377 996 497 1048 enatam
513 989 582 1048 insu
593 990 653 1050 lam
672 992 842 1052 imitentur.
860 991 993 1050 Habebit
1012 991 1062 1050 hic
1077 997 1185 1071 portus
1200 997 1231 1051 et

220 1084 284 1164 jam
302 1084 394 1144 habet
410 1107 523 1144 nomen
545 1089 690 1162 auctoris,
713 1090 833 1168 eritque
856 1087 901 1148 vel
922 1088 1054 1147 maxime
1073 1088 1229 1147 salutaris.

223 1181 301 1240 Nam
323 1197 379 1262 per
403 1182 616 1260 longissimum
648 1185 783 1264 spatium
807 1185 882 1244 litus
912 1185 1140 1265 importuosum
1171 1185 1232 1244 hoc

221 1279 416 1357 receptaculo
440 1287 559 1342 utetur.

426 1491 510 1551 264.
531 1493 727 1552 Peintures
749 1493 1015 1565 pompeiennes.

497 1595 557 1680 (De
568 1597 706 1680 picturis
721 1598 946 1682 Pompeianis.)

155 1745 194 1808 2⁰
260 1743 350 1805 Nunc
364 1742 535 1825 pinguntur
549 1749 690 1807 tectoriis
703 1757 838 1808 monstra
856 1749 960 1829 potius
977 1769 1069 1828 quam
1085 1769 1123 1807 ex
1133 1748 1230 1808 rebus
1326 1805 1327 1810 ,

220 1842 315 1901 linitis
341 1842 490 1921 imagines
516 1852 632 1906 certae:
655 1866 712 1925 pro
741 1846 893 1905 columnis
932 1845 1011 1904 enim
1043 1851 1228 1904 statuuntur

219 1938 338 2009 calami,
356 1961 411 2019 pro
425 1941 556 2019 fastigiis
572 1942 802 2022 harpaginetuli
822 1943 921 2001 striati
938 1963 1007 2001 cum
1021 1941 1130 2021 crispis
1144 1941 1231 2001 loliis

219 2042 250 2094 et
260 2036 374 2095 volutis
388 2038 511 2112 teneriS,
533 2038 606 2098 item
622 2039 806 2098 candelabra
827 2039 1027 2098 aedicularum
1043 2038 1231 2097 sustinentia

219 2133 343 2210 figuras,
377 2155 469 2213 supra
507 2135 630 2212 fastigia
653 2157 758 2195 earum
802 2144 965 2214 surgentes
997 2156 1035 2193 ex
1071 2134 1232 2194 radicibus

219 2250 289 2287 cum
304 2229 424 2289 volutis
455 2230 578 2290 coliculi
601 2232 702 2291 teneri
734 2233 838 2312 plures
871 2233 1019 2292 habentes
1044 2231 1132 2290 inse
1161 2231 1232 2290 sine

219 2326 338 2385 ratione
361 2328 504 2386 sedentia
539 2328 651 2407 sigilla,
679 2329 737 2388 alia
775 2317 926 2399 humanis,
961 2328 1019 2388 alia
1058 2327 1230 2387 bestiarum

218 2421 370 2501 capitibus
396 2423 518 2484 similia.
551 2425 626 2484 Haec
652 2435 753 2485 autem
784 2446 841 2484 nec
868 2433 949 2498 sunt,
977 2443 1034 2483 neo
1062 2424 1127 2482 fieri
1155 2445 1231 2504 pos-

218 2525 300 2592 sunt,
318 2540 378 2579 nec
401 2519 541 2582 fuerunt.
567 2511 833 2588 Quemadmodum
856 2523 936 2580 enim
965 2528 1068 2601 potest
1090 2519 1232 2580 calamus

217 2637 289 2678 uere
304 2617 602 2690 sustineretectum,
625 2627 680 2678 aut
700 2619 916 2679 candelabrum
942 2624 1122 2677 ornamenta
1139 2616 1231 2676 lasti·
1327 2637 1328 2696 j

218 2713 273 2791 gii,
310 2734 363 2772 seu
383 2714 540 2794 ooliculus
564 2699 629 2775 tarn
648 2716 750 2774 tenuis
766 2724 797 2775 et
823 2715 924 2775 mollis
946 2715 1098 2780 sustinere
1115 2714 1231 2774 sedens
1327 2729 1328 2736 ’

217 2809 366 2887 sigillum,
383 2817 438 2870 aut
452 2812 491 2870 de
507 2813 664 2872 radicibus
686 2812 785 2889 sigilla
804 2813 989 2892 procreare?
1007 2814 1049 2870 At
1065 2812 1130 2869 haec
1149 2810 1229 2871 falsa

216 2906 358 2966 videntes
371 2907 517 2966 homines
535 2930 597 2967 non
609 2909 850 2987 reprehendunt,
877 2909 929 2967 sed
944 2909 1148 2966 delectantur.
1165 2907 1230 2966 Sed

215 3023 310 3083 quare
326 3003 435 3063 vincat
447 3005 612 3064 veritatem
631 3005 710 3063 ratio
730 3005 806 3064 salsa
828 3006 964 3064 nouerit
983 3004 1117 3063 alienum
1131 3023 1231 3084 expo-

216 3095 298 3160 nere.
325 3099 412 3167 Quod
430 3101 514 3159 enim
544 3101 670 3180 antiqui
696 3101 887 3159 insumentes
916 3100 1052 3160 laborem
1068 3106 1099 3158 et
1119 3097 1229 3159 indus·

216 3197 304 3254 triam
321 3198 450 3276 probare
466 3197 699 3256 contendebant
712 3197 839 3271 artibus,
861 3197 892 3256 id
910 3217 993 3257 nunc
1014 3195 1171 3256 coloribus
1195 3205 1231 3256 et

215 3313 319 3351 eorum
337 3293 474 3371 eleganti
500 3294 603 3373 specie
628 3301 877 3375 consequuntur;
895 3301 926 3353 et
949 3314 1040 3373 quam
1067 3291 1230 3352 subtilitas

215 3383 340 3447 artificis
351 3389 524 3469 adjiciebat
539 3391 685 3469 operibus
708 3391 932 3461 auctoritatem,
954 3409 1035 3448 nunc
1050 3388 1231 3463 dominicus

215 3493 356 3564 sumptus
374 3488 473 3546 efficit
499 3508 537 3546 ne
567 3487 767 3546 desideretur.
792 3488 900 3566 ltaque
922 3505 1005 3545 nunc
1028 3483 1141 3564 passim
1167 3484 1230 3545 toti

215 3583 345 3660 parietes
367 3584 481 3657 minio,
503 3583 711 3663 chrysocolla,
736 3591 832 3657 ostr0,
861 3582 997 3642 armenio
1020 3580 1228 3654 inducuntur,

215 3678 335 3737 nullam
362 3679 401 3737 ob
423 3699 549 3739 causam
575 3679 665 3738 aliam
687 3700 778 3760 quam
797 3680 878 3759 quod
898 3678 971 3738 talia
998 3677 1232 3740 medicamenta

215 3773 370 3851 fulgentia
388 3782 463 3833 sunt
475 3783 506 3833 et
521 3776 667 3854 pretiosa.

638 3953 676 3964 ...
698 3923 747 3976 184
762 3923 800 3964 --“-
