2656 4258
439 138 650 200 omrrrna
669 137 713 200 vr

480 287 592 369 (capu
618 286 672 366 Vn

481 597 567 635 naon
589 583 672 636 rurvt

419 724 477 806 (De
493 727 569 807 jure
585 724 735 808 privato.)

133 1017 213 1075 174.
234 991 467 1086 L3empereur
486 1017 673 1074 Justrnren
691 1030 740 1073 au
756 1014 1022 1086 jurisconsulto

186 1103 381 1161 Tribonten
401 1117 445 1160 en
464 1105 515 1161 lui
535 1105 696 1162 conflant
714 1105 753 1161 la
771 1103 965 1161 redaotton

461 1194 508 1248 du
526 1193 688 1263 Bigeste.

146 1321 354 1409 (lastinianus
377 1331 547 1413 imperator
561 1330 790 1412 jurisconsulto
816 1317 1009 1390 Triboniauo

294 1427 442 1519 praeripr't
465 1435 497 1488 ut
518 1427 647 1509 Dlpesta
669 1427 855 1515 componat.)
932 1419 956 1522 ’

121 1664 246 1745 Oportet
258 1657 359 1724 totum
367 1665 448 1745 juris
459 1685 570 1745 corpus
583 1664 790 1745 pulcherrimo
803 1686 895 1744 opere
905 1671 1071 1732 exstruere,
1087 1685 1132 1742 Rh

88 1768 113 1818 et
138 1762 222 1841 quasi
255 1763 413 1841 proprium
447 1768 478 1819 et
509 1759 736 1820 sanctissimum
768 1761 917 1840 templum
944 1761 1074 1841 justitiae

89 1875 266 1930 consecrare,
286 1865 320 1916 ut
342 1857 419 1916 nihil
437 1859 535 1937 possit
548 1879 614 1916 esse
629 1858 820 1929 derelictum,
833 1857 892 1926 ‚sed
910 1851 1008 1916 toturn
1021 1857 1074 1935 jus

88 1953 239 2032 antiquum
264 1975 320 2033 per
347 1954 544 2014 millesimum
575 1948 605 2013 et
626 1954 963 2034 quadringentesimum
988 1969 1076 2032 paene

88 2068 190 2109 annum
217 2051 380 2109 confusum
409 2059 440 2109 et
465 2071 482 2110 a
511 2051 599 2109 nobis
625 2059 801 2130 purgatum,
832 2050 918 2129 quasi
943 2049 1076 2130 quodam

89 2164 164 2205 muro
179 2146 431 2218 vallatum,·nihil
447 2156 531 2207 extra
546 2169 577 2206 se
591 2147 702 2206 haheat
719 2166 726 2208 :
742 2147 883 2206 omnibus
898 2146 1076 2206 auctoribus

87 2240 153 2318 juris
187 2265 274 2324 aequa
312 2241 461 2321 dignitate
496 2244 694 2323 pollentibus
733 2251 763 2302 et
797 2245 911 2303 nemini
944 2243 1075 2323 quadam
1106 2279 1108 2288 ι

90 2341 281 2418 praerogativa
297 2341 458 2415 servanda,
476 2341 546 2419 quia
562 2361 624 2398 non
638 2361 743 2400 omnes
757 2341 787 2399 in
800 2341 913 2413 omnia,
932 2341 985 2398 sed
1000 2340 1075 2399 certi

90 2453 134 2507 per
156 2431 238 2496 certa
265 2436 314 2496 vel
341 2436 482 2496 meliores
504 2436 552 2496 vel
581 2438 748 2496 deteriores
774 2438 986 2496 inveniuntur.
1010 2437 1075 2495 'Sed

91 2549 176 2610 neque
197 2554 234 2591 ex
256 2533 455 2592 multitudine
478 2544 638 2593 auctorum
667 2534 750 2614 quod
776 2534 885 2592 melius
906 2541 937 2593 et
957 2528 1076 2612 aequius

89 2635 126 2684 est
144 2628 326 2708 judicatote,
360 2650 430 2689 cum
457 2631 555 2708 possit
590 2631 680 2688 unius
707 2631 835 2689 forsitan
860 2638 890 2688 et
915 2630 1076 2690 deterioris

90 2727 226 2785 sententia
244 2733 275 2785 et
292 2727 405 2785 multos
427 2734 457 2785 et
483 2727 614 2805 majores
639 2727 668 2783 in
691 2727 792 2806 aliqua
813 2735 899 2806 parte
919 2748 1073 2807 superare.

91 2817 120 2877 Et
132 2821 198 2885 ideo
218 2843 252 2882 ea
270 2843 338 2902 quae
356 2823 388 2881 in
406 2823 487 2882 notis
501 2824 625 2882 'AEmilii
648 2823 809 2902 Papiniani
834 2845 870 2882 ex
898 2818 1028 2903 Ulpiano
1045 2831 1077 2882 et

90 2913 171 2978 Paulo
188 2941 244 2978 nec
262 2940 324 2978 non
338 2919 496 2978 Marciano
516 2920 668 2999 adscripta
683 2928 764 2990 sunt,
780 2941 848 2998 quae
861 2928 949 2978 antea
960 2920 1075 2978 nullam

90 3012 140 3071 vim
153 3016 335 3074 obtinebant
346 3023 473 3095 propter
487 3017 635 3074 honorem
649 3017 887 3095 splendidissimi
900 3017 1073 3096 Papiniani,

90 3110 203 3170 nolitote
214 3113 317 3171 statim
331 3134 490 3192 respuere;
506 3113 558 3172 sed
574 3113 599 3171 si
614 3113 739 3192 quidex
754 3113 801 3171 his
819 3114 857 3172 ad
874 3114 1074 3192 repletionem

89 3210 186 3266 summi
210 3209 325 3286 ingenii
352 3209 512 3288 Papiniani
542 3210 681 3268 laborum
714 3210 761 3267 vel
788 3211 1075 3289 interpretationem

89 3307 280 3364 necessarium
301 3327 366 3364 esse
386 3307 613 3386 perspexeritis,
630 3315 660 3364 et
678 3306 735 3364 hoc
748 3327 869 3385 ponere
884 3307 959 3385 legis
975 3309 1075 3366 vicem

89 3396 218 3460 obtinens
246 3423 284 3462 ne
310 3403 498 3463 moremini:
527 3411 561 3462 ut
584 3423 691 3462 omnes
716 3403 768 3481 qui
794 3403 881 3462 relati
904 3400 1075 3464 luerint'in

89 3491 157 3556 hunc
175 3498 313 3557 codicem
342 3499 573 3578 prudentissimi
599 3499 656 3556 viri
688 3499 822 3557 habeant
845 3501 1073 3575 auctoritatem,

88 3597 230 3675 tamquam
248 3595 272 3653 si
291 3616 397 3654 eorum
420 3596 520 3654 studia
538 3617 575 3654 ex
599 3596 820 3675 principalibus
843 3597 1074 3655 constitutioni-

88 3685 136 3746 bus
148 3694 285 3772 prolecta
302 3697 332 3750 et
347 3699 452 3751 nostro
468 3692 574 3752 divino
587 3692 704 3751 luerint
718 3713 770 3750 ore
783 3693 919 3772 profusa.
982 3693 984 3698 ’
