2682 4258
497 161 533 198 in
553 161 600 198 viu
623 147 722 199 rmvria
744 163 795 200 nus
817 165 942 202 nouarns

215 302 298 355 tecto
311 295 373 374 tegi
388 297 473 376 quod
488 297 618 358 imbrem
634 320 669 361 ac
684 310 813 360 ventum
827 309 938 375 arceat,
953 302 1007 361 sed
1022 304 1114 362 etiam
1137 305 1218 384 quod

146 397 149 402 '
215 393 317 451 visum
333 400 364 451 et
378 393 483 455 oculos
507 395 655 472 delectet;
675 411 737 458 non
757 419 791 458 ea
809 398 908 458 solum
930 400 1040 458 instrui
1068 401 1219 481 supellec-

215 490 270 551 tile
291 513 359 571 quae
379 495 558 554 necessariis
581 495 687 555 usibus
713 495 854 567 sufficiat,
882 496 934 556 sed
959 497 999 556 sit
1021 497 1218 578 inapparatu

214 587 283 668 ejus
293 597 324 647 et
334 610 453 664 aurum,
468 598 499 650 et
508 612 648 670 gemmae,
665 600 700 652 ut
713 613 834 651 sumere
849 594 880 650 in
893 614 1008 653 manus
1018 602 1049 652 et
1061 594 1219 674 adspicere

215 686 327 765 saepius
355 687 460 746 libeat.
484 688 631 757 Quadam
660 709 734 749 vero
759 691 866 770 procul
895 699 1067 764 arceantur,
1096 699 1131 750 ut
1151 691 1218 772 jam

213 782 390 843 oblitterata
407 792 438 844 et
454 785 569 846 olentia
589 804 596 846 :
623 787 742 846 nullum
766 788 806 846 sit
824 787 950 846 verbum
975 789 1061 847 velut
1075 788 1218 866 rubigine

211 879 383 953 infectum
401 882 478 941 nulli
492 903 600 942 sensus
611 884 698 943 tarda
716 892 746 942 et
763 884 855 943 inerti
873 893 1039 958 structura,
1055 885 1088 943 in
1100 907 1219 945 morem

213 977 381 1052 annalium,
399 989 626 1059 componantur
642 1000 650 1040 ε
670 981 783 1060 fugitet
797 981 911 1040 foedam
927 991 958 1040 et
972 983 1120 1042 insulsam
1131 1004 1219 1042 scur-

213 1073 372 1150 rilitatem,
389 1076 489 1135 variet
501 1078 770 1158 compositionem,
787 1099 844 1138 nec
864 1099 971 1138 omnes
987 1080 1140 1140 clausulas
1155 1102 1220 1140 uno

213 1177 245 1229 et
260 1171 368 1254 eodem
387 1172 479 1231 modo
494 1173 689 1233 determinet.

422 1361 506 1420 885.
526 1359 762 1432 L’eloquenea
781 1365 826 1420 de
846 1363 1007 1421 Ciceron.

149 1605 204 1660 Rh·
258 1607 335 1666 Mihi
352 1608 475 1667 videtur
493 1607 537 1668 M.
554 1607 682 1680 Tullius,
704 1629 773 1668 cum
789 1629 820 1668 se
837 1616 935 1668 totum
958 1608 997 1668 ad
1012 1607 1220 1668 imitationem

211 1705 395 1783 'Graecorum
410 1705 601 1777 contulisset,
615 1706 767 1763 effinxisse
780 1706 843 1763 vim
858 1705 1086 1778 Demosthenis,
1097 1703 1220 1784 copiam

216 1801 363 1874 Platonis,
377 1801 604 1880 jucunditatem
621 1802 764 1861 Isocratis
789 1803 852 1862 Nec
865 1823 938 1860 vero
954 1802 1036 1881 quod
1051 1803 1082 1861 in
1093 1821 1222 1880 quoque

215 1899 367 1978 optimum
394 1899 454 1958 suit
483 1899 586 1958 studio
601 1906 787 1958 consecutus
807 1906 854 1958 est
881 1906 1013 1971 tantum,
1045 1897 1097 1957 sed
1124 1895 1222 1976 pluri-

205 2017 280 2082 mas
309 1995 358 2077 vel
370 1997 474 2075 potius
487 2017 593 2055 omnes
609 2016 646 2054 ex
663 1996 764 2076 seipso
784 1996 917 2054 virtutes
932 1995 1042 2054 extulit
1061 1995 1223 2060 immorta-

215 2093 253 2153 lis
277 2092 393 2170 ingenii
408 2093 584 2152 beatissima
599 2092 750 2154 ubertate.
776 2094 844 2152 Non
871 2092 952 2152 enim
967 2089 1105 2172 pluvias,
1129 2097 1165 2150 ut
1176 2091 1223 2149 ait

217 2189 378 2263 Pindarus,
401 2209 501 2270 aquas
522 2187 657 2270 colliqit,
674 2187 729 2248 sed
750 2188 815 2248 vivo
830 2188 956 2270 qurqite
969 2187 1119 2261 exundat,
1136 2186 1223 2246 dono

216 2284 349 2365 quodam
365 2285 567 2363 providentiae
581 2285 714 2364 genitus,
739 2286 848 2365 inquo
872 2293 954 2345 totas
970 2285 1050 2344 vires
1073 2305 1143 2343 suas
1158 2283 1225 2343 elo-

216 2381 342 2461 quentia
357 2381 557 2460 experiretur.
573 2382 651 2440 Nam
666 2382 735 2461 quis
751 2383 862 2442 docere
885 2381 1074 2460 diligentius,
1094 2401 1224 2440 movere

217 2477 430 2536 vehementius
446 2485 549 2557 potest
563 2479 577 2536 ἱ)
590 2479 640 2536 cui
656 2486 741 2538 tanta
758 2500 904 2559 umquam
917 2477 1096 2558 jucunditas
1112 2477 1224 2536 affuit?

217 2582 253 2636 ut
265 2575 331 2655 ipsa
345 2574 396 2633 illa
411 2595 479 2654 quae
495 2582 658 2655 extorquet
671 2576 837 2655 impetrare
851 2597 919 2634 eum
942 2575 1058 2646 credas,
1084 2581 1126 2648 et,
1149 2593 1224 2633 cum

148 2687 151 2695 ¹
215 2679 426 2733 transversum
452 2671 483 2730 vi
509 2693 562 2730 sua
587 2672 724 2752 judicem
751 2673 840 2746 serat,
868 2680 971 2732 tamen
996 2671 1046 2730 ille
1076 2691 1139 2730 non
1152 2670 1224 2750 rapi

217 2769 370 2842 videatur,
387 2768 441 2827 sed
451 2769 548 2847 sequi.
564 2769 633 2828 Jam
651 2770 682 2826 in
705 2769 848 2828 omnibus
866 2789 934 2849 quae
952 2769 1027 2848 dicit
1044 2774 1130 2827 tanta
1150 2787 1224 2826 auc·

215 2865 325 2926 toritas
340 2865 431 2938 inest,
449 2872 484 2924 ut
500 2865 661 2924 dissentire
685 2865 810 2944 pudeat,
830 2885 885 2924 nec
909 2865 1052 2924 advocati
1069 2863 1224 2937 studium,

216 2963 270 3022 sed
295 2963 381 3020 testis
406 2967 460 3021 aut
482 2962 597 3042 judicis
626 2963 733 3021 afferat
758 2963 867 3035 lidem;
895 2982 966 3020 cum
999 2961 1123 3020 interim
1155 2960 1227 3020 haec

216 3059 331 3132 omnia,
358 3079 427 3138 quae
442 3059 496 3133 ¹vix
518 3059 638 3137 singula
661 3059 824 3139 quisquam
841 3059 1046 3117 intentissima
1058 3078 1131 3117 cura
1146 3075 1227 3117 con-

217 3156 304 3236 sequi
318 3163 431 3234 posset,
449 3156 548 3214 fluunt
575 3156 747 3229 illaborata,
765 3164 796 3214 et
813 3155 875 3230 illa,
894 3176 953 3236 qua
971 3154 1049 3213 nihil
1062 3153 1228 3233 pulchrius

217 3253 356 3313 auditum
373 3259 429 3325 est,
446 3253 545 3310 oratio
560 3253 736 3332 praesefert
751 3260 854 3312 tamen
868 3251 1074 3311 felicissimam
1092 3250 1229 3310 facilita-

217 3357 292 3409 tem.
305 3350 404 3416 Quare
417 3369 479 3408 non
494 3349 649 3408 immerito
662 3349 700 3409 ab
711 3349 888 3408 hominibus
901 3349 999 3408 aetatis
1013 3368 1076 3406 suae
1092 3368 1229 3426 regnare

218 3447 251 3504 in
268 3445 394 3525 judiciis
410 3445 511 3504 dictus
524 3453 590 3506 est:
610 3446 692 3525 apud
712 3453 853 3526 posteros
882 3444 1003 3504 veroid
1022 3451 1227 3517 consecutus,

219 3551 255 3602 ut
268 3542 375 3602 Cicero
388 3543 451 3622 jam
467 3563 529 3601 non
544 3543 688 3618 hominis,
704 3544 756 3602 sed
785 3543 968 3623 eloquentiae
984 3562 1096 3601 nomen
1111 3541 1230 3603 habea·

219 3647 280 3699 tur.
295 3640 386 3697 Hunc
397 3640 492 3716 igitur
502 3646 685 3719 spectemuS,
697 3639 756 3699 hoc
767 3640 960 3720 propositum
972 3639 1060 3698 nobis
1069 3638 1107 3697 sit
1117 3658 1229 3697 exem-

221 3735 324 3812 plum:
337 3735 387 3794 ille
402 3755 433 3793 se
448 3735 613 3814 profecisse
624 3738 710 3809 sciat,
726 3737 776 3796 cui
784 3735 892 3796 Cicero
908 3736 998 3795 valde
1012 3735 1156 3816 placebit.

643 3941 678 3954 -
696 3913 748 3964 art
766 3943 800 3952 -·
