2678 4250
337 181 408 218 Luxu
429 181 479 221 DES
502 181 673 230 nannenus,
696 181 731 217 DE
752 180 788 218 La
808 179 909 231 Tanta,
933 180 968 218 DE
989 179 1025 218 LA
1042 178 1159 216 ranunss

247 311 317 350 nem
336 291 435 371 turpis
454 298 573 371 prostat
592 291 744 350 historia:
766 312 834 371 quae
857 290 937 349 siout
962 296 1050 348 ornat
1070 295 1179 361 artem,
1203 289 1251 347 sic

246 389 431 447 devenustat
452 388 610 447 artificem.
631 388 754 446 Absunt
776 387 898 446 ridiculi
921 387 1034 446 vestitu
1055 392 1086 445 et
1106 384 1250 444 vultibus

244 484 426 560 histriones3
442 484 555 544 absunt
567 485 677 544 lubrici
692 485 885 565 tortuosique
904 483 1055 566 pugillatu
1070 490 1101 542 et
1115 481 1251 541 nexibus
1330 551 1331 556 ἵ

245 579 432 662 palaestritae.
470 581 550 649 Quid
585 583 695 661 plura?
722 581 798 639 nihil
827 581 886 648 iuis
915 580 1035 662 paginis
1061 580 1251 659 impressum
1330 643 1331 660 χ

246 679 418 757 reperietur
441 677 524 758 quod
548 699 610 738 non
636 678 749 738 vidisse
775 679 816 737 sit
843 677 987 738 sanctius
1016 676 1109 736 Pauci
1141 683 1252 735 tamen
1330 663 1331 668 ἵ

194 804 195 807 “
247 775 389 834 versiculi
417 775 562 835 lectorem
597 775 805 835 adventicium
840 774 1086 846 remorabuntur,
1118 773 1251 832 minime

244 871 386 952 improbo
408 879 667 952 temperament03
693 872 764 952 quia
784 892 836 931 eos
856 892 911 930 uec
929 871 1070 950 relegisse
1091 869 1251 930 desiderio

243 975 301 1041 est,
319 989 375 1028 nec
388 969 551 1048 perlegisse
571 969 705 1029 fastidio.
720 969 738 1028 J
742 990 790 1028 am
805 969 831 1027 si
845 990 998 1028 marmora
1015 967 1163 1050 inquiras,
1182 986 1248 1025 non

245 1065 309 1126 illic
344 1065 468 1146 quidem
504 1066 639 1146 Phryges
667 1074 698 1124 et
726 1065 867 1125 Numidae
901 1066 1023 1145 rupium
1057 1063 1250 1124 variatarum

246 1183 377 1242 posuere
401 1169 535 1236 crustas;
562 1162 615 1221 sed
639 1170 671 1221 et
693 1161 719 1221 si
743 1162 827 1222 nullo
856 1161 1085 1242 peregrinarum
1108 1159 1250 1220 cautium

243 1259 344 1336 rigore
373 1258 519 1334 ditamur,
547 1257 663 1318 habent
690 1267 793 1318 tamen
819 1259 951 1336 tuguria
977 1264 1082 1318 nostra
1109 1257 1249 1316 civicum

242 1355 352 1433 lrigus.
892 1356 894 1362 '

385 1526 469 1587 267.
484 1528 570 1586 Lots
583 1529 710 1586 contre
722 1529 757 1586 le
771 1519 939 1586 luxe'des
955 1527 1101 1585 festine.

462 1633 569 1716 (Lepas
582 1632 620 1694 de
646 1654 794 1694 cenarum
817 1634 892 1692 lucu
921 1632 1025 1716 latae.)

178 1794 217 1857 3⁸
284 1793 425 1870 Longum
454 1793 510 1852 fiat
542 1793 567 1852 si
602 1813 780 1852 enumerare
813 1792 902 1850 velim
938 1798 1014 1872 quot
1041 1791 1248 1851 instrumenta

243 1887 324 1966 gulae
343 1889 424 1946 inter
443 1889 600 1948 Romanos
618 1889 665 1948 vel
684 1889 807 1967 ingenio
829 1889 962 1967 cogitata
982 1889 1054 1958 sint,
1075 1887 1124 1946 vel
1144 1889 1249 1946 studio

243 1985 396 2045 confecta.
414 1985 453 2044 Et
472 1987 519 2044 hae
535 1985 679 2044 nimirum
695 2005 795 2044 causae
815 1985 941 2044 luerunt
959 1992 1085 2065 propter
1103 2005 1179 2066 quas
1201 1991 1249 2044 tot

245 2102 374 2140 numero
392 2081 473 2159 leges
492 2081 531 2140 de
551 2082 634 2140 cenis
649 2089 680 2140 et
694 2082 868 2162 sumptibus
886 2082 923 2140 ad
944 2082 1092 2161 populum
1105 2081 1248 2140 fereban-

245 2195 307 2258 tur,
323 2195 353 2245 et
376 2187 520 2266 imperari
534 2187 638 2266 coepit
653 2194 686 2246 ut
707 2188 884 2266 patentibus
899 2187 1003 2268 januis
1025 2187 1248 2266 pransitaretur

245 2290 278 2342 et
290 2284 487 2342 cenitaretur.
503 2282 603 2342 Prima
625 2291 727 2342 autem
750 2285 888 2342 omnium
910 2284 948 2342 de
967 2285 1051 2342 cenis
1068 2284 1116 2343 lex
1133 2281 1246 2342 Orchia

252 2379 397 2458 pervenit,
412 2379 500 2458 cujus
528 2401 646 2438 summa
669 2381 889 2459 praescribebat
913 2401 1075 2456 numerum
1099 2379 1248 2438 conviva-

245 2496 330 2544 rum,
361 2475 436 2535 Post
459 2496 572 2534 annum
601 2477 779 2536 vicesimum
816 2477 984 2536 secundum
1019 2477 1093 2555 legis
1126 2475 1248 2534 Orchiae

247 2571 363 2630 Fannia
389 2571 437 2630 lex
460 2572 519 2631 lata
546 2580 601 2643 est,
625 2594 706 2632 anno
730 2581 801 2652 post
826 2574 955 2632 Romam
980 2573 1134 2632 conditam
1158 2573 1249 2652 quin-

244 2668 415 2746 gentesimo
438 2670 636 2748 nonagesimo
656 2670 803 2740 secundo,
836 2691 905 2749 quaa
927 2671 1099 2750 sumptibus
1118 2669 1247 2728 modum

242 2765 317 2826 lecit
344 2766 463 2825 assibus
490 2774 625 2826 centum.
646 2767 793 2826 Fanniam
814 2767 911 2845 legem
937 2775 1007 2846 post
1025 2788 1122 2826 annos
1139 2766 1245 2826 decem

242 2869 274 2920 et
302 2869 372 2922 octo
396 2862 445 2921 lex
471 2863 561 2922 Didia
586 2871 752 2922 consecuta
772 2870 819 2921 est
843 2881 850 2922 t
874 2863 939 2943 ejus
972 2863 1107 2922 ferendae
1130 2863 1246 2942 duplex

242 2980 334 3019 causa
354 2960 412 3018 luit
429 2978 436 3020 τ
454 2961 563 3039 prima,
581 2967 615 3019 ut
629 2961 772 3019 universa
787 2960 885 3032 ltalia,
908 2981 970 3019 non
990 2961 1053 3019 sola
1072 2959 1163 3036 Urbs,
1179 2959 1250 3038 lego

243 3057 435 3136 sumptuaria
470 3063 640 3129 teneretur;
671 3057 794 3129 deinde,
825 3063 860 3116 ut
899 3077 961 3115 non
986 3056 1041 3115 soli
1069 3057 1122 3136 qui
1154 3078 1249 3117 cenas

242 3153 361 3233 maj0re
388 3160 513 3232 sumptu
542 3153 698 3226 iecissent,
725 3155 777 3213 sed
801 3155 892 3212 etiam
915 3154 967 3234 qui
990 3155 1096 3212 adeas
1117 3155 1248 3214 vocitati

241 3257 357 3324 essent,
381 3251 482 3330 poenis
502 3248 577 3326 legis
599 3259 788 3311 tenerentur.
817 3251 890 3310 Post
912 3250 1033 3310 Didiam
1059 3251 1177 3310 Licinia
1199 3252 1249 3310 lex

242 3345 303 3404 lata
325 3353 371 3405 est
396 3345 463 3407 aP.
480 3347 597 3405 Licinio
613 3347 725 3406 Crasso
747 3347 854 3419 divite,
874 3369 934 3427 qua
958 3347 1114 3419 Kalendis,
1136 3349 1247 3418 NoniS,

243 3443 453 3522 nundinisque
484 3444 595 3522 cuique
625 3444 656 3502 in
678 3444 743 3503 dies
774 3444 910 3522 singulos
932 3445 1059 3522 triginta
1087 3443 1252 3504 dumtaxat

242 3560 325 3598 asses
347 3539 459 3597 edendi
477 3560 569 3599 causa
583 3561 764 3600 consumere
783 3542 897 3612 liceret,
915 3543 1024 3600 ceteris
1046 3562 1120 3600 vero
1138 3541 1252 3600 diebus

223 3634 225 3638 ’
242 3657 280 3695 ne
302 3634 433 3714 amplius
449 3644 656 3716 apponeretur
676 3659 767 3717 quam
789 3639 890 3697 carnis
905 3638 997 3698 aridae
1010 3637 1115 3719 pondo
1126 3639 1199 3709 tria,
1217 3647 1253 3698 et

242 3733 497 3790 salsamentorum
511 3733 616 3811 pondo
628 3734 714 3793 libra.

666 3913 822 3964 —186-
