2682 4258
225 191 400 232 {ETTHESe-
422 191 565 230 SCIENCES.
588 206 628 216 -·
648 191 786 231 SAVANTS.
809 205 844 214 -
865 193 1057 232 PHILOSOPHES

355 585 439 644 406.
460 587 592 645 contre
610 586 645 644 la
664 585 904 657 pe'dantisme.
936 563 940 571 ’

303 812 353 896 (In
373 813 503 876 stultam
528 814 711 876 eruditionis
726 814 956 898 jactationem.)

168 1203 386 1264 Eliberalibus
406 1205 515 1264 studiis
538 1213 657 1266 tantum
675 1207 872 1283 retineamus,
902 1214 1051 1288 quantum
1082 1216 1128 1266 est
1155 1201 1196 1265 2ο

126 1303 344 1364 necessarium.
356 1303 405 1360 An
420 1309 454 1361 tu
462 1303 618 1362 existimas
639 1305 934 1384 reprehendendum,
951 1305 1004 1385 qui
1022 1324 1128 1384 super·
1146 1362 1149 1366 f

127 1419 226 1459 vacua
241 1399 347 1458 usibus
365 1406 532 1478 comparat,
550 1406 581 1458 et
595 1401 798 1480 pretiosarum
815 1422 915 1460 rernm
935 1421 1080 1481 pompam
1095 1401 1127 1459 in

124 1495 221 1554 domo
247 1495 401 1575 explicat:
422 1517 484 1555 non
503 1502 594 1576 putas
613 1517 694 1566 eum,
731 1498 783 1576 qui
816 1505 986 1576 occupatus
1021 1504 1068 1556 est
1095 1497 1127 1558 in

126 1612 319 1671 supervacua
333 1592 505 1652 litterarum
524 1592 734 1672 supellectile?
754 1593 825 1653 Plus
840 1594 918 1653 scire
932 1594 1011 1652 velle
1035 1614 1126 1674 quam
1194 1657 1195 1660 Ἴ

123 1689 200 1747 satis
213 1696 269 1759 est,
287 1690 532 1770 intemperantiae
548 1711 643 1768 genus
662 1697 719 1750 est.
740 1690 818 1757 Quid
838 1691 921 1772 quod
936 1689 994 1750 ista
1018 1683 1133 1756 libera·¹

125 1785 200 1844 lium
215 1786 328 1844 artium
339 1787 526 1845 consectatio
539 1787 696 1861 molestos,
711 1787 867 1854 verbosos,
880 1788 1125 1867 intempestivos,

122 1882 182 1940 sibi
199 1882 355 1962 placentes
371 1884 454 1955 lacit,
468 1891 498 1942 et
512 1883 582 1942 ideo
603 1905 664 1942 non
685 1884 837 1942 discentes
853 1885 1033 1956 necessaria,
1054 1884 1127 1964 quia

123 1999 316 2058 supervacua
330 1980 528 2040 didicerunt?
543 1979 681 2047 Quatuor
702 1981 784 2039 milia
804 1980 952 2039 librorum
974 1981 1126 2060 Didymus

123 2077 346 2154 grammaticus
362 2078 500 2157 scripsit;
525 2077 694 2150 misererer,
718 2078 743 2135 si
772 2084 834 2136 tam
863 2077 959 2136 multa
981 2097 1127 2157 superva-

125 2194 183 2232 cua
196 2174 339 2252 legisses!
360 2175 394 2233 ln
412 2175 459 2232 his
480 2174 565 2232 libris
585 2175 622 2233 de
640 2175 738 2254 patria
766 2174 892 2233 Homeri
910 2175 1069 2253 quaeritur‚
1092 2175 1126 2234 in

127 2272 175 2330 his
191 2271 228 2330 de
250 2272 357 2332 AEneae
370 2279 466 2330 matre
479 2292 567 2345 vera,
584 2272 615 2330 in
630 2271 677 2330 his
701 2271 895 2331 libidinosior
909 2273 1072 2332 Anacreon
1086 2290 1126 2332 an

126 2355 286 2426 ebriosior¹
298 2368 419 2440 vixerit,
434 2375 465 2426 et
479 2368 548 2442 alia,
566 2389 634 2448 quae
652 2375 740 2427 erant
759 2368 953 2439 dediscenda,
971 2369 996 2428 si
1019 2368 1123 2430 scires

124 2464 192 2524 Cur
211 2464 336 2544 quaeris,
347 2464 470 2544 Ulysses
488 2465 540 2523 ubi
554 2466 712 2537 erraverit,
728 2466 830 2545 potius
852 2487 943 2544 quam
959 2467 1071 2525 efficias
1087 2485 1125 2526 no

126 2582 183 2620 nos
198 2582 320 2641 semper
335 2563 492 2620 erremus?
504 2562 584 2629 Quid
599 2563 729 2642 inquiris
751 2583 789 2621 an
802 2563 953 2642 Penelope
968 2563 1124 2643 impudica

124 2659 230 2731 fuerit,
256 2679 296 2717 an
320 2660 412 2718 verba
436 2659 549 2732 saeculo
577 2679 632 2718 suo
655 2658 795 2719 dederit?
812 2680 851 2718 an
874 2659 1014 2738 Ulyssem
1037 2659 1124 2718 illum

120 2777 200 2828 esse,
215 2776 307 2836 quem
322 2755 457 2827 videbat,
479 2763 644 2835 antequam
661 2755 762 2829 sciret,
781 2757 934 2836 suspicata
957 2757 1022 2814 sit?
1040 2755 1125 2815 Doce

123 2873 184 2926 me,
202 2852 277 2932 quid
297 2853 337 2911 sit
353 2852 513 2932 pudicitia,
533 2861 564 2910 et
583 2852 781 2933 quantumin
808 2873 843 2910 ea
858 2851 984 2913 honum.
1009 2852 1124 2930 Magno

119 2949 281 3030 impendio
295 2956 480 3029 temporum,
503 2969 613 3027 magna
638 2949 805 3008 alienarum
833 2949 953 3007 aurium
971 2949 1121 3023 molestia,

119 3047 261 3105 laudatio
278 3046 344 3105 haec
361 3053 541 3106 constat:«o
563 3046 717 3104 hominem
740 3044 1125 3106 litteratum1»simushoo

121 3143 216 3202 titulo
231 3143 392 3202 rusticiore
414 3142 615 3202 contentitno
642 3143 743 3200 virum
757 3139 1017 3202 bonum!»Metire
1043 3149 1124 3200 aeta·
1205 3134 1207 3138 '

119 3248 185 3298 tem
212 3247 297 3299 tuam
315 3245 398 3301 :tam
426 3239 522 3298 multa
549 3259 611 3297 non
631 3240 723 3318 capit.
750 3239 860 3298 Nonne
886 3239 963 3298 scire
989 3244 1125 3318 praestat

119 3337 200 3416 quid
215 3357 271 3398 nos
289 3337 394 3408 simus,
421 3336 495 3415 quid
520 3336 577 3394 ista
603 3357 681 3416 quae
708 3356 764 3394 nos
790 3337 1001 3403 circumstant,
1024 3335 1123 3410 alunt,

118 3433 300 3493 sustinent?
320 3440 424 3492 totone
440 3453 541 3491 rerum
561 3440 669 3492 natura
690 3433 797 3491 umbra
818 3433 858 3490 sit
877 3439 931 3491 aut
957 3432 1056 3490 inanis
1071 3440 1125 3491 aut

119 3529 236 3588 fallax?
250 3530 320 3588 Non
333 3529 556 3588 faciledixerim
570 3530 646 3588 utris
658 3529 755 3606 magis
766 3529 879 3588 irascar
893 3547 900 3590 :
915 3529 985 3599 illis,
1001 3529 1053 3608 qui
1069 3549 1125 3587 nos

119 3626 201 3685 nihil
215 3627 292 3686 scire
315 3627 489 3700 voluerunt,
517 3647 556 3685 an
575 3625 645 3700 illis,
665 3626 718 3706 qui
743 3647 781 3684 ne
807 3626 866 3684 hoc
894 3625 1018 3705 quidem
1036 3625 1125 3684 nohis

122 3723 327 3803 reliquerunt,
345 3723 422 3782 nihil
436 3723 524 3783 scire.

547 3920 701 3972 -293-
