2670 4252
513 155 711 194 INSTRUCTION·
733 162 776 178 -ι
794 135 956 192 E'nucfflon

237 269 318 327 Hinc
339 267 514 349 parentium
534 266 748 346 imperitorum
770 265 860 322 inane
885 262 1076 342 gaudium,
1068 271 1142 342 ipsis
1168 283 1241 321 vero

234 372 394 444 contempt
396 384 431 422 us
461 363 563 442 operis
587 370 618 421 et
645 361 894 421 inverecundaf
894 381 965 420 rons
990 367 1019 420 et
1048 359 1242 418 consuetudo

234 461 366 541 pessime
384 460 557 519 dicendiet
578 459 728 518 malorum
749 457 938 530 exercitatio,
961 464 1001 531 et,
1024 477 1093 536 qnae
1112 475 1241 532 magnos

235 578 367 664 quoqne
383 578 440 637 pro
443 558 540 615 fectus
558 556 736 636 frequenter
750 554 896 635 perdidit,
912 574 1058 631 arrogans
1073 552 1110 611 de
1128 573 1160 610 se
1175 573 1239 631 per·

235 653 338 711 suasio
360 653 541 738 innascit.ur
563 653 630 710 Erit
618 660 754 710 tsuum
772 650 916 732 parandae
939 649 1079 709 facilitati
1107 656 1240 728 tempus·

234 770 329 809 neca
360 750 449 809 nobis
472 750 669 856 neglegenter
685 747 843 806 locust
804 755 861 805 rste
890 747 1081 806 transibitur.
1114 746 1240 804 Interim

235 846 309 903 satis
325 853 381 918 est,
397 846 421 906 si
441 867 519 926 puer
531 845 615 904 omni
633 865 706 903 cura
725 851 756 902 et
775 864 905 914 summo,
923 850 1073 949 qnantum
1093 842 1145 900 illa
1166 850 1242 900 aetas

235 942 328 1022 capit,
342 943 446 1001 labore
464 941 579 1022 aliquid
592 940 750 1020 probabile
764 940 936 1019 scripserit
953 939 985 996 in
1000 939 1059 997 hoc
1073 947 1240 1010 assuescat

235 1039 329 1118 hujus
357 1039 417 1098 sibi
444 1039 488 1097 rei
515 1045 657 1097 naturam
684 1037 787 1096 faciat.
811 1036 865 1094 llle
890 1035 1052 1094 demum
1044 1057 1076 1094 m
1106 1035 1138 1093 id
1158 1036 1240 1115 quod

236 1137 402 1215 quaerimus
420 1142 473 1194 aut
484 1135 511 1193 ei
529 1135 703 1214 proximum
714 1139 769 1213 pot
771 1133 829 1191 erit
817 1133 969 1191 etvadere
974 1131 1046 1211 ,qui
1059 1139 1130 1191 ante
1144 1129 1254 1190 discet

235 1239 301 1291 rect
303 1253 318 1290 e
289 1232 433 1290 dicere
446 1251 537 1309 quam
554 1231 627 1290 cito.

291 1419 349 1477 37
369 1420 400 1475 11
418 1431 463 1474 ne
485 1418 571 1478 faut
589 1431 660 1488 pas
679 1417 759 1474 etre
779 1405 864 1486 trop
885 1417 1016 1474 severe
1036 1418 1131 1472 dans
1150 1415 1190 1472 la

501 1505 708 1562 correction
727 1508 793 1562 des
813 1505 981 1561 devoirs

372 1608 445 1690 (Ne
466 1609 638 1670 citandus
660 1609 809 1693 maqister
832 1609 864 1668 in
887 1607 1091 1668 emendandis

534 1705 762 1787 discipulorum
784 1705 934 1787 scriptis.)

1319 241 1320 286 l

1319 287 1320 340 l

1319 419 1320 476 l

172 1841 212 1905 3³
278 1839 439 1918 Inprimis
468 1839 642 1910 evitandus,
671 1839 749 1898 etin
776 1839 879 1918 pueris
901 1839 1068 1918 praecipue,
1096 1837 1246 1915 magister

237 1937 353 2008 ariduS,
371 1958 433 1996 non
449 1937 552 1996 minus
574 1957 665 2016 quam
688 1937 801 1994 teneris
819 1936 921 1995 adhuc
940 1936 1055 2014 plantis
1078 1935 1194 1993 siccum
1213 1941 1244 1993 et

238 2033 302 2092 sine
329 2054 435 2109 umore
462 2035 525 2092 ullo
555 2034 666 2092 solum
693 2033 769 2091 lnde
793 2033 873 2090 liunt
894 2027 1033 2090 humiles
1060 2031 1175 2103 statim,
1212 2039 1244 2090 et

238 2130 359 2188 velutt
347 2137 459 2189 terram
484 2137 669 2211 spectantes
700 2129 753 2209 qui
787 2128 864 2186 nihil
899 2149 1013 2208 supra
1023 2126 1244 2207 quotidianum

238 2247 410 2284 sermonem
427 2226 566 2285 attollere
581 2227 741 2286 audeant.
758 2225 871 2284 macies
892 2225 951 2283 illis
971 2246 1027 2304 pro
1053 2223 1195 2296 sanitate,
1214 2232 1245 2282 et

232 2323 347 2402 judicii
376 2323 445 2382 loco
467 2323 628 2382 infirmitas
659 2331 722 2395 est;
748 2331 779 2381 et
802 2323 876 2381 dum
908 2321 981 2380 satis
1015 2328 1127 2427 putant
1164 2322 1244 2380 vitio

237 2441 352 2490 carere,
387 2419 419 2477 in
449 2419 515 2477 id
508 2441 609 2499 ipsum
640 2419 783 2477 incidunt
771 2419 932 2489 tvitium,
961 2417 1044 2496 quod
1072 2424 1135 2475 vrr
1124 2417 1244 2476 ut1bus

236 2525 352 2576 carent.
370 2517 469 2584 Quare
486 2516 612 2574 mihine
629 2517 789 2574 maturitas
803 2515 957 2622 quidem
950 2536 1015 2594 ipsa
1032 2515 1169 2587 festinet,
1187 2535 1245 2574 nee

237 2622 336 2672 musta
350 2635 382 2672 m
398 2613 540 2671 lacus
495 2621 581 2671 rm
599 2620 721 2672 austera
738 2613 821 2672 smt
843 2632 887 2669 sic
907 2619 938 2670 et
961 2633 1059 2670 annos
1081 2611 1192 2680 ferent,
1213 2620 1246 2670 et

240 2716 397 2768 vetustate
407 2710 582 2789 profic1en
560 2710 643 2768 tNe
660 2709 737 2767 illud
760 2708 884 2815 quidem
913 2708 994 2788 quod
1018 2707 1243 2766 admoneamus

237 2806 400 2884 indignum
420 2812 467 2864 est
470 2807 623 2882 ,ingenia
642 2824 809 2885 puerorum
834 2805 928 2863 nimia
947 2804 1072 2862 interim
1099 2804 1245 2862 emenda·

236 2903 330 2962 tionis
350 2903 514 2962 severitate
531 2903 680 2976 deficere;
702 2923 773 2960 nam
790 2909 821 2960 et
837 2902 1014 2980 desperant,
1032 2907 1063 2958 et
1071 2900 1194 2971 dolent,
1210 2909 1243 2959 et

237 3000 404 3059 novissime
429 2999 613 3072 oderunt,e
598 2999 743 3078 et,quod
761 2997 893 3057 maxime
913 3004 1014 3070 nocet,
1039 2976 1112 3057 dum
1136 2998 1242 3056 omnia

236 3097 357 3168 timent,
381 3095 456 3154 nihil
479 3102 642 3154 conantur
667 3095 757 3162 Quod
781 3095 872 3153 etiam
896 3094 1018 3152 rusticis
1047 3099 1156 3152 notu'm
1183 3100 1243 3166 est,

140 3217 142 3220 ’
235 3215 289 3272 qur
282 3192 466 3251 frondibus
479 3192 593 3250 teneris
611 3211 673 3249 non
687 3198 742 3270 put
744 3199 798 3250 ant
786 3190 1016 3249 atdhibendam
1038 3211 1103 3248 esse
1118 3189 1243 3262 falcem,

236 3290 308 3396 quia
326 3288 526 3348 reformidare
548 3288 663 3346 ferrum
684 3288 841 3359 videnlur,
860 3296 890 3346 et
909 3288 1083 3346 cicatricem
1102 3287 1242 3346 nondum

235 3386 300 3465 pati
321 3405 421 3464 posse
446 3384 609 3443 iucundus
632 3406 704 3462 ergo
723 3392 787 3443 tum
811 3385 944 3443 maxime
965 3384 1057 3442 debet
1077 3404 1143 3442 esse
1165 3404 1245 3462 prae·

235 3488 352 3562 ceptor,
369 3503 388 3540 u
392 3481 560 3554 tremedia‚
578 3503 647 3561 quae
665 3481 780 3561 alioqui
801 3490 911 3540 natura
932 3488 1005 3538 sunt
1020 3501 1137 3559 aspera,
1155 3480 1242 3539 molli

236 3600 329 3638 manu
354 3578 539 3638 lenianturz
559 3579 682 3636 laudare
700 3578 813 3658 aliqua
839 3579 918 3636 ferre
939 3577 1098 3658 quaedam,
1120 3584 1244 3637 mutare

236 3675 338 3747 etiam,
354 3675 473 3732 reddita
488 3696 543 3733 cur
558 3674 589 3732 id
604 3675 658 3732 fiat
673 3676 802 3748 ratione,
819 3674 993 3733 illuminare
1012 3675 1245 3752 interponendo

236 3770 390 3850 aliquid
366 3792 424 3831 sui

665 3907 699 3918 ...
718 3878 750 3928 26
775 3907 809 3918 .-
