2656 4258
638 177 723 214 uuorr
746 159 828 213 rnrvi:

231 285 327 364 partis
344 285 480 344 dimidiae
505 287 656 346 bonorum
680 287 844 366 possessio,
875 287 985 347 Postea
1012 286 1078 364 lege
1104 286 1234 365 Papinia
1319 315 1320 332 .

232 382 362 442 adaucta
381 390 453 441 sunt
464 384 533 464 jura
551 391 763 462 patronorum,
782 384 835 463 qui
856 383 1085 462 loclupletiores
1107 383 1235 441 libertos

129 493 131 496 '
229 478 394 539 habebant.
420 481 552 539 Cautum
572 487 618 538 est
636 481 716 539 enim
733 487 768 540 ut
791 501 827 539 ex
846 480 936 538 bonis
955 480 1032 559 ejus,
1049 479 1102 558 qui
1121 485 1236 538 sester-
1319 509 1320 550 t

230 575 307 634 tium
318 583 441 634 centum
462 577 579 635 milium
600 577 818 656 patrimonium
833 578 1009 656 reliquerat,
1023 583 1054 635 et
1072 575 1236 656 pauciores
1319 551 1320 600 l

228 692 321 751 quam
339 679 400 731 tres
415 672 527 732 liberos
550 673 692 746 habebat,
712 675 776 733 sive
796 675 821 732 is
847 681 1030 732 testamento
1050 672 1142 746 lacto,
1167 671 1236 730 sive

229 769 392 828 intestatus
408 778 548 829 mortuus
572 777 648 844 erat,
677 771 776 829 virilis
800 791 870 850 pars
899 778 1029 850 patrono
1057 769 1234 828 deberetur.

231 865 338 946 ltaque
367 887 437 924 cum
471 888 567 926 unum
597 867 694 926 filium
732 867 865 926 filiamve
895 867 1039 926 heredem
1067 865 1237 945 reliquerat

229 960 369 1030 libertus,
398 963 526 1042 perinde
552 985 623 1042 pars
648 963 775 1022 dimidia
799 964 969 1023 debebatur
993 971 1124 1044 patrono
1149 983 1185 1022 ac
1208 962 1237 1020 si

229 1057 254 1116 is
271 1059 336 1118 sine
352 1059 415 1118 ullo
433 1060 496 1118 filio
515 1060 616 1119 filiave
630 1068 759 1120 testatus
775 1061 969 1133 decessisset3
983 1080 1053 1118 cum
1070 1079 1143 1118 vero
1155 1057 1237 1118 duos

228 1153 343 1212 duasve
357 1155 485 1214 heredes
498 1157 674 1236 reliquerat,
688 1157 777 1215 tertia
788 1178 858 1236 pars
869 1157 1193 1235 debebaturpatron03
1208 1155 1237 1212 si

229 1257 290 1309 tres
305 1251 484 1332 reliquerat,
501 1253 707 1333 repellebatur
717 1261 876 1333 patronus.

231 1461 311 1518 196.
329 1465 467 1521 choses
481 1464 542 1533 qui
559 1465 845 1533 appartiennent
869 1440 915 1522 en
933 1477 1079 1534 propre,
1100 1465 1239 1520 choses

371 1551 432 1620 qui
451 1553 776 1622 n’appartiennent
794 1566 926 1622 posen
946 1565 1092 1622 propre.

448 1657 518 1738 (Res
542 1656 689 1738 mancipi,
712 1679 760 1717 rer
782 1679 835 1716 nec
852 1657 1013 1738 mancipi.)

164 1809 203 1873 2⁰
269 1806 330 1865 Res
364 1827 419 1865 nec
447 1807 581 1886 mancipi
607 1807 673 1886 ipsa
694 1807 860 1866 traditione
888 1808 980 1886 pleno
1009 1809 1080 1888 jure
1108 1807 1239 1894 alterius

229 1903 317 1974 fiunt,
343 1904 474 1962 simodo
495 1903 670 1982 corporales
686 1911 758 1962 sunt
771 1911 802 1963 et
817 1905 855 1962 ob
875 1904 905 1961 id
925 1905 1079 1984 recipiunt
1092 1903 1240 1963 traditio-

229 2020 310 2060 nem.
329 2000 436 2080 ltaque
452 2001 476 2057 si
495 2001 551 2059 tibi
567 2008 694 2072 vestem,
714 2001 762 2058 vel
785 2023 892 2060 aurum
918 2001 1082 2073 tradidero,
1107 2001 1173 2060 sive
1198 2023 1240 2060 ex

227 2097 417 2154 venditionis
433 2118 535 2168 causa,
557 2098 622 2155 sive
637 2119 674 2156 ox
694 2099 879 2170 donationis
904 2099 969 2156 sive
996 2098 1103 2178 quavis
1118 2098 1179 2158 alia
1199 2120 1241 2156 ex

229 2213 332 2266 causa,
350 2195 451 2251 statim
469 2201 520 2252 tua
531 2195 565 2252 fit
578 2215 613 2253 ea
623 2215 681 2267 res
699 2195 724 2252 si
740 2195 831 2254 modo
846 2216 903 2272 ego
916 2195 982 2276 ejus
997 2195 1140 2253 dominus
1163 2195 1238 2256 sim.

230 2291 266 2349 In
284 2289 389 2348 eadem
405 2311 496 2349 causa
512 2299 583 2349 sunt
600 2293 800 2370 provincialia
816 2292 944 2371 praedia,
961 2313 1092 2371 quorum
1107 2291 1166 2350 alia
1182 2292 1240 2350 sti-
1287 2319 1291 2327 ·

229 2386 397 2464 pendiaria‚
423 2373 481 2445 alia
505 2388 666 2446 tributaria
691 2409 847 2447 vocamus
865 2389 1071 2468 Stipendiaria
1098 2394 1172 2446 sunt
1201 2409 1239 2448 ea

229 2503 298 2563 quae
314 2483 343 2540 in
369 2482 416 2541 his
442 2485 612 2563 provinciis
631 2493 702 2543 sunt
729 2506 798 2563 quae
826 2486 960 2565 propriae
984 2485 1091 2564 populi
1115 2485 1240 2543 romani

231 2599 296 2638 esse
315 2579 546 2658 intelleguntur.
565 2581 740 2639 Tributaria
762 2589 835 2640 sunt
854 2602 887 2640 ea
906 2602 974 2661 quae
991 2582 1022 2638 in
1041 2581 1088 2638 his
1107 2582 1241 2660 provin-

233 2676 289 2734 ciis
311 2683 384 2735 sunt
407 2698 475 2755 quae
491 2678 623 2756 propriae
644 2677 775 2735 Caesaris
802 2698 867 2736 esse
891 2677 1068 2737 creduntur.
1093 2677 1239 2756 Maneipi

229 2794 302 2832 vero
320 2795 368 2832 res
381 2783 464 2846 sunt,
482 2793 550 2852 quae
566 2795 621 2852 per
644 2775 903 2853 mancipationem
926 2774 963 2833 ad
986 2775 1078 2832 alium
1102 2774 1240 2832 transse—

228 2877 357 2938 runtur;
382 2871 462 2928 unde
480 2871 572 2928 etiam
599 2871 734 2949 mancipi
748 2891 796 2928 res
816 2876 888 2929 sunt
902 2871 993 2929 dictae
1009 2890 1015 2930 :
1032 2871 1115 2950 quod
1129 2877 1239 2929 autem

230 2968 314 3026 valet
328 2967 527 3046 mancipati0‚
543 2967 622 3025 idem
640 2967 720 3025 valet
735 2975 766 3024 et
780 2967 811 3025 in
824 2968 893 3047 jure
911 2967 1019 3025 cessio,
1035 2968 1070 3026 ln
1085 2967 1156 3046 jure
1168 2987 1241 3026 ces-

228 3065 274 3122 sio
290 3064 349 3123 hoc
365 3064 457 3122 modo
473 3064 519 3122 fit.
534 3064 625 3143 Apud
644 3064 857 3141 magistratum
878 3064 983 3143 populi
1004 3063 1133 3133 romani,
1146 3063 1242 3123 velut

228 3170 406 3240 praetorem,
434 3160 482 3218 vel
505 3160 586 3238 apud
607 3161 768 3240 praesidem
798 3161 977 3239 provinciae,
1005 3161 1030 3218 is
1052 3161 1099 3218 cui
1126 3180 1174 3218 res
1203 3161 1240 3220 in

225 3259 294 3337 jure
310 3257 439 3327 ceditur,
456 3277 518 3314 rem
533 3264 640 3315 tenens
658 3257 700 3315 ita
714 3256 790 3315 dicit
807 3276 814 3317 t
830 3281 845 3312 «
861 3256 1012 3337 huncuego
1024 3255 1180 3315 hominem
1198 3278 1241 3318 ex

225 3355 295 3433 jure
318 3355 484 3420 Quiritium
506 3374 607 3411 meum
629 3373 693 3411 esse
718 3354 782 3426 aio;
803 3378 816 3408 n
848 3354 969 3426 deinde,
997 3361 1160 3432 postquam
1183 3353 1241 3414 hic

229 3451 445 3521 vindicaverit,
471 3458 585 3529 praetor
609 3449 779 3526 interrogat
801 3471 871 3508 eum
891 3451 944 3529 qui
959 3451 1051 3521 cedit,
1070 3471 1108 3508 an
1125 3458 1242 3512 contra

229 3548 381 3620 vindicet;
402 3569 463 3626 quo
480 3553 611 3624 negante
627 3553 679 3604 aut
696 3552 827 3618 tacente,
842 3554 917 3605 tunc
938 3547 965 3605 ei
980 3547 1032 3628 qui
1055 3547 1243 3607 vindicave-

229 3645 348 3702 riteam
367 3664 431 3702 rem
456 3644 582 3703 addicit.
602 3643 698 3721 ldque
720 3643 795 3720 legis
813 3644 892 3703 actio
918 3652 1062 3718 vocatur;
1090 3643 1149 3702 hoc
1167 3643 1241 3704 lieri

229 3747 332 3821 potest
347 3741 439 3800 etiam
456 3741 487 3797 in
505 3740 673 3819 provinciis
688 3740 770 3820 apud
785 3741 940 3820 praesides
956 3762 1071 3802 earum.

657 3927 672 3941 ι
709 3899 812 3952 136-
