2682 4258
497 204 533 242 ua
555 203 601 240 vus
623 185 722 240 rmvrlu
742 203 794 240 aas
816 203 941 242 aouams

266 526 350 584 378.
370 527 422 583 De
450 525 665 583 l’harmonle
685 528 780 601 dans
809 527 849 582 la
866 537 977 594 prose
993 523 1170 581 oratolre.

423 757 428 766 .
495 671 552 754 (De
585 673 723 734 oratioue
752 673 940 756 numerosa.)

149 989 206 1047 ah.
260 991 366 1072 Neque
389 1013 463 1051 vero
483 1000 639 1052 oratorum
666 992 819 1052 clausulae
832 999 895 1052 tam
912 1013 1012 1052 acrem
1030 1012 1134 1052 curam
1151 990 1223 1049 dili-

218 1089 413 1168 gentiamque
441 1089 628 1161 dcsiderant‚
663 1109 753 1168 quam
786 1096 832 1148 est
860 1089 911 1149 illa
940 1096 1111 1168 poetarum,
1140 1108 1222 1169 quos

218 1187 383 1268 necessitas
406 1187 491 1263 cogit
513 1193 544 1245 et
565 1186 623 1266 ipsi
650 1185 768 1244 numeri
792 1207 827 1245 ac
851 1186 934 1245 modi
954 1186 997 1245 sic
1018 1185 1111 1244 verba
1127 1205 1221 1243 versu

177 1303 181 1314 ·
217 1281 385 1355 includere,
404 1291 437 1341 ut
453 1283 529 1341 nihil
554 1284 592 1341 sit
612 1303 649 1341 ne
669 1283 779 1362 spiritu
802 1283 925 1362 quidem
946 1283 1073 1341 minimo
1095 1281 1222 1340 brevius

129 1426 132 1431 .
218 1386 270 1437 aut
284 1379 406 1457 longius
421 1401 512 1459 quarn
529 1399 651 1438 necesse
663 1388 719 1438 est.
736 1380 874 1438 Liberior
888 1386 935 1438 ost
950 1379 1059 1452 oratio,
1074 1386 1104 1438 et
1114 1378 1220 1457 plane,

218 1475 384 1548 utdieitur‚
397 1476 439 1535 sic
451 1485 497 1535 est
508 1497 578 1534 vere
589 1476 699 1546 soluta,
712 1497 773 1534 non
788 1484 822 1534 ut
836 1477 934 1553 fugiat
951 1484 1051 1535 tamen
1062 1484 1114 1534 aut
1127 1479 1219 1540 erret,

217 1570 270 1630 sed
293 1573 402 1631 utsine
419 1573 550 1632 vinculis
565 1573 622 1630 sibi
638 1573 703 1652 ipsa
718 1572 907 1632 moderetur.
923 1573 1062 1652 Namque
1073 1592 1130 1649 ego
1138 1570 1220 1629 ¹illud

217 1669 612 1749 adsentiorTheophrasto,
630 1672 682 1750 qui
691 1677 788 1750 ,putat
802 1672 983 1742 orationem,
1002 1691 1079 1750 quae
1094 1667 1221 1748 quidem

217 1767 258 1824 sit
272 1766 366 1845 polita
392 1774 484 1846 atque
513 1768 591 1826 facta
616 1768 749 1847 quodam
771 1767 873 1840 mode,
903 1788 965 1825 non
993 1766 1139 1825 adstricte
1166 1765 1221 1822 sed

218 1864 374 1921 remissius
389 1883 581 1923 numerosam
595 1885 661 1922 esse
677 1872 830 1942 oportere.
849 1865 879 1921 Si
895 1883 967 1922 vero
981 1863 1065 1922 rudis
1076 1872 1107 1923 et
1121 1863 1224 1942 impo-

217 1960 271 2018 lita
283 1961 419 2038 putanda
435 1969 481 2019 est
496 1961 547 2019 illa
563 1962 628 2018 sine
650 1959 821 2018 intervallis
843 1960 1013 2040 loquacitas
1034 1963 1177 2040 perennis
1189 1972 1223 2024 et

219 2057 383 2136 profluens,
408 2057 481 2136 quid
500 2066 546 2115 est
563 2057 646 2116 aliud
661 2078 769 2115 causae
787 2077 842 2114 cur
857 2057 1047 2136 repudietur,
1065 2058 1223 2139 nisiquod

218 2153 377 2213 hominum
397 2174 485 2212 aures
502 2175 608 2213 vocem
631 2162 740 2212 natura
768 2153 967 2212 modulantur
992 2154 1098 2232 ipsae?
1131 2156 1223 2223 Quod

218 2250 294 2321 sieri,
312 2251 370 2308 nisi
389 2251 470 2308 inest
493 2272 638 2309 numerus
664 2251 696 2309 in
720 2271 807 2320 voce,
834 2272 895 2308 non
924 2257 1038 2330 potest.
1065 2251 1222 2313 Numerus

217 2355 319 2406 autem
334 2347 364 2404 in
378 2347 610 2405 continuatione
627 2347 730 2405 nullus
743 2354 806 2418 est3
831 2346 990 2406 distinctio
1006 2356 1036 2406 et
1046 2349 1223 2427 aequalium

217 2450 271 2502 aut
282 2463 371 2523 saepe
382 2444 538 2502 variorum
555 2443 785 2502 intervallorum
800 2444 957 2523 percussio
973 2464 1134 2504 numerum
1145 2467 1224 2506 con-

217 2533 302 2614 licitss
325 2561 416 2618 quern
432 2541 464 2598 in
483 2541 664 2599 cadentibus
687 2541 793 2618 guttis,
816 2540 899 2620 quod
919 2539 1090 2600 intervallis
1110 2542 1225 2602 distin-

217 2645 364 2715 guuntur,
383 2645 489 2696 notare
502 2659 676 2718 possumus
692 2638 723 2695 in
741 2637 823 2695 amni
839 2637 1061 2716 praecipitante
1071 2658 1133 2697 non
1149 2661 1223 2719 pos-

217 2755 335 2794 sumus.
352 2734 441 2801 Quod
466 2735 490 2792 si
514 2734 706 2793 continuatio
731 2734 895 2792 verborum
912 2733 985 2793 haec
1001 2734 1102 2793 soluta
1122 2737 1224 2796 multo

217 2838 263 2890 est
279 2832 380 2909 aptior
396 2850 431 2889 ac
443 2831 622 2910 jucundior,
638 2831 663 2888 si
678 2835 725 2888 est
752 2829 889 2888 articulis
918 2830 1125 2912 membrisque
1156 2833 1220 2894 dis-

218 2929 325 3000 tincta,
341 2948 432 3007 quam
449 2928 472 2985 si
486 2927 665 2986 continuata
679 2947 714 2984 ac
728 2927 890 3005 producta,
907 2927 1042 2985 membra
1053 2927 1103 2986 illa
1122 2930 1225 2988 modi-

217 3025 307 3084 ficata
321 3045 386 3083 esse
401 3023 575 3094 debebunt;
600 3042 679 3102 quae
707 3023 732 3082 si
753 3023 783 3080 in
806 3031 942 3081 extremo
971 3023 1111 3098 breviora
1136 3036 1223 3100 sunt,

217 3122 397 3199 infringitur
412 3121 462 3179 ille
476 3121 561 3200 quasi
574 3121 738 3178 verborum
754 3115 904 3193 ambitus;
921 3119 964 3178 sic
985 3119 1066 3178 enirn
1082 3120 1137 3180 has
1152 3144 1226 3184 ora-

219 3219 311 3276 tionis
325 3219 542 3276 conversiones
556 3217 665 3276 Graeci
676 3217 848 3274 nominant.
866 3216 965 3282 Quare
982 3224 1037 3275 aut
1056 3218 1141 3296 paria
1153 3240 1225 3280 esse

218 3314 332 3372 debent
356 3315 527 3393 posteriora
557 3313 767 3393 superioribus
788 3320 817 3371 et
847 3320 982 3372 extrema
1007 3314 1125 3392 primis,
1152 3325 1224 3391 aut,

216 3411 300 3488 quod
317 3411 407 3470 etiam
426 3418 471 3470 est
488 3410 596 3469 melius
608 3419 639 3469 et
648 3408 828 3490 jucundius,
840 3408 991 3486 longiora.
