<?xml version="1.0" encoding="UTF-8"?>
<!DOCTYPE html PUBLIC "-//W3C//DTD XHTML 1.0 Transitional//EN"
    "http://www.w3.org/TR/xhtml1/DTD/xhtml1-transitional.dtd">
<html xmlns="http://www.w3.org/1999/xhtml" xml:lang="en" lang="en">
 <head>
  <title>
</title>
<meta http-equiv="Content-Type" content="text/html;charset=utf-8" />
  <meta name='ocr-system' content='tesseract 3.04.00' />
  <meta name='ocr-capabilities' content='ocr_page ocr_carea ocr_par ocr_line ocrx_word'/>
</head>
<body>
  <div class='ocr_page' id='page_1' title='image "./depublicaprivat00arnagoog_0100.png"; bbox 0 0 2670 4252; ppageno 0'>
   <div class='ocr_carea' id='block_1_1' title="bbox 147 144 1093 534">
    <p class='ocr_par' dir='ltr' id='par_1_1' title="bbox 147 144 1093 534">
     <span class='ocr_line' id='line_1_1' title="bbox 147 144 1093 228; baseline -0.001 -12"><span class='ocrx_word' id='word_1_1' title='bbox 147 159 208 216; x_wconf 75' lang='lat'>76.</span> <span class='ocrx_word' id='word_1_2' title='bbox 228 160 277 216; x_wconf 85' lang='lat' dir='ltr'>Le</span> <span class='ocrx_word' id='word_1_3' title='bbox 297 159 418 228; x_wconf 80' lang='lat' dir='ltr'><strong>grand</strong></span> <span class='ocrx_word' id='word_1_4' title='bbox 437 160 474 215; x_wconf 88' lang='lat' dir='ltr'>et</span> <span class='ocrx_word' id='word_1_5' title='bbox 493 159 527 214; x_wconf 92' lang='lat' dir='ltr'>le</span> <span class='ocrx_word' id='word_1_6' title='bbox 548 158 642 227; x_wconf 83' lang='lat' dir='ltr'>petit</span> <span class='ocrx_word' id='word_1_7' title='bbox 661 159 764 215; x_wconf 86' lang='lat' dir='ltr'>lever</span> <span class='ocrx_word' id='word_1_8' title='bbox 784 160 871 216; x_wconf 85' lang='lat' dir='ltr'>ehez</span> <span class='ocrx_word' id='word_1_9' title='bbox 891 159 947 217; x_wconf 89' lang='lat' dir='ltr'>les</span> <span class='ocrx_word' id='word_1_10' title='bbox 968 144 1093 216; x_wconf 76' lang='lat' dir='ltr'>rlehes</span> 
     </span>
     <span class='ocr_line' id='line_1_2' title="bbox 523 248 941 306; baseline -0.007 0"><span class='ocrx_word' id='word_1_11' title='bbox 523 248 710 306; x_wconf 81' lang='lat' dir='ltr'>Romains.</span> <span class='ocrx_word' id='word_1_12' title='bbox 939 251 941 258; x_wconf 62' lang='lat'><strong>⁴</strong></span> 
     </span>
     <span class='ocr_line' id='line_1_3' title="bbox 213 351 1029 436; baseline -0.002 -22"><span class='ocrx_word' id='word_1_13' title='bbox 213 351 251 432; x_wconf 83' lang='grc' dir='ltr'>(Α</span> <span class='ocrx_word' id='word_1_14' title='bbox 268 351 396 434; x_wconf 81' lang='lat' dir='ltr'>primis,</span> <span class='ocrx_word' id='word_1_15' title='bbox 420 374 438 413; x_wconf 87' lang='lat' dir='ltr'>a</span> <span class='ocrx_word' id='word_1_16' title='bbox 461 353 608 436; x_wconf 78' lang='lat' dir='ltr'>secundis</span> <span class='ocrx_word' id='word_1_17' title='bbox 629 353 739 414; x_wconf 82' lang='lat' dir='ltr'>amicis</span> <span class='ocrx_word' id='word_1_18' title='bbox 761 353 871 414; x_wconf 84' lang='lat' dir='ltr'>divites</span> <span class='ocrx_word' id='word_1_19' title='bbox 894 354 1029 414; x_wconf 84' lang='lat' dir='ltr'>Romam</span> 
     </span>
     <span class='ocr_line' id='line_1_4' title="bbox 522 453 724 534; baseline -0.01 -22"><span class='ocrx_word' id='word_1_20' title='bbox 522 453 724 534; x_wconf 76' lang='lat' dir='ltr'>salutantur.)</span> 
     </span>
    </p>
   </div>
   <div class='ocr_carea' id='block_1_2' title="bbox 113 560 1187 2512">
    <p class='ocr_par' dir='ltr' id='par_1_2' title="bbox 113 560 1187 2512">
     <span class='ocr_line' id='line_1_5' title="bbox 157 560 1187 666; baseline 0.007 -26"><span class='ocrx_word' id='word_1_21' title='bbox 157 581 360 645; x_wconf 77' lang='lat' dir='ltr'>Consuetudo</span> <span class='ocrx_word' id='word_1_22' title='bbox 373 586 431 645; x_wconf 91' lang='lat' dir='ltr'>ista</span> <span class='ocrx_word' id='word_1_23' title='bbox 442 593 531 646; x_wconf 86' lang='lat' dir='ltr'>vetus</span> <span class='ocrx_word' id='word_1_24' title='bbox 542 594 588 646; x_wconf 89' lang='lat' dir='ltr'>est</span> <span class='ocrx_word' id='word_1_25' title='bbox 598 587 720 664; x_wconf 82' lang='lat' dir='ltr'>regibus</span> <span class='ocrx_word' id='word_1_26' title='bbox 733 607 880 666; x_wconf 81' lang='lat' dir='ltr'>regesque</span> <span class='ocrx_word' id='word_1_27' title='bbox 893 560 1118 658; x_wconf 76' lang='lat' dir='ltr'>simulantibus,</span> <span class='ocrx_word' id='word_1_28' title='bbox 1148 581 1187 647; x_wconf 74' lang='lat'>2⁹</span> 
     </span>
     <span class='ocr_line' id='line_1_6' title="bbox 115 679 1120 763; baseline 0.002 -25"><span class='ocrx_word' id='word_1_29' title='bbox 115 679 270 760; x_wconf 87' lang='lat' dir='ltr'>populum</span> <span class='ocrx_word' id='word_1_30' title='bbox 293 683 460 742; x_wconf 75' lang='lat' dir='ltr'>anticorum</span> <span class='ocrx_word' id='word_1_31' title='bbox 486 683 668 746; x_wconf 86' lang='lat' dir='ltr'>describere.</span> <span class='ocrx_word' id='word_1_32' title='bbox 700 685 754 743; x_wconf 88' lang='lat' dir='ltr'>Est</span> <span class='ocrx_word' id='word_1_33' title='bbox 781 684 939 763; x_wconf 88' lang='lat' dir='ltr'>proprium</span> <span class='ocrx_word' id='word_1_34' title='bbox 968 682 1120 763; x_wconf 83' lang='lat' dir='ltr'>superbiae</span> 
     </span>
     <span class='ocr_line' id='line_1_7' title="bbox 114 780 1156 866; baseline 0.003 -32"><span class='ocrx_word' id='word_1_35' title='bbox 114 797 232 854; x_wconf 85' lang='lat' dir='ltr'>magno</span> <span class='ocrx_word' id='word_1_36' title='bbox 255 780 407 838; x_wconf 84' lang='lat' dir='ltr'>aestimare</span> <span class='ocrx_word' id='word_1_37' title='bbox 429 780 590 842; x_wconf 88' lang='lat' dir='ltr'>introitum</span> <span class='ocrx_word' id='word_1_38' title='bbox 612 789 779 866; x_wconf 83' lang='lat' dir='ltr'>aetactum</span> <span class='ocrx_word' id='word_1_39' title='bbox 800 782 847 840; x_wconf 93' lang='lat' dir='ltr'>sui</span> <span class='ocrx_word' id='word_1_40' title='bbox 871 781 1038 855; x_wconf 84' lang='lat' dir='ltr'>liminis,et</span> <span class='ocrx_word' id='word_1_41' title='bbox 1065 799 1120 858; x_wconf 87' lang='lat' dir='ltr'>pro</span> <span class='ocrx_word' id='word_1_42' title='bbox 1146 782 1156 792; x_wconf 89' lang='lat'>&#39;</span> 
     </span>
     <span class='ocr_line' id='line_1_8' title="bbox 114 873 1119 959; baseline 0.001 -26"><span class='ocrx_word' id='word_1_43' title='bbox 114 873 238 934; x_wconf 87' lang='lat' dir='ltr'>honore</span> <span class='ocrx_word' id='word_1_44' title='bbox 264 875 336 935; x_wconf 84' lang='lat' dir='ltr'>dare</span> <span class='ocrx_word' id='word_1_45' title='bbox 375 886 410 936; x_wconf 90' lang='lat' dir='ltr'>ut</span> <span class='ocrx_word' id='word_1_46' title='bbox 434 878 513 938; x_wconf 89' lang='lat' dir='ltr'>ostio</span> <span class='ocrx_word' id='word_1_47' title='bbox 540 900 595 938; x_wconf 92' lang='lat' dir='ltr'>suo</span> <span class='ocrx_word' id='word_1_48' title='bbox 621 880 748 959; x_wconf 89' lang='lat' dir='ltr'>propius</span> <span class='ocrx_word' id='word_1_49' title='bbox 769 878 913 950; x_wconf 63' lang='lat' dir='ltr'>assides,</span> <span class='ocrx_word' id='word_1_50' title='bbox 938 885 976 936; x_wconf 86' lang='lat' dir='ltr'>ut·</span> <span class='ocrx_word' id='word_1_51' title='bbox 991 875 1119 955; x_wconf 79' lang='lat' dir='ltr'>gradum</span> 
     </span>
     <span class='ocr_line' id='line_1_9' title="bbox 114 971 1119 1056; baseline 0.003 -27"><span class='ocrx_word' id='word_1_52' title='bbox 114 971 204 1051; x_wconf 88' lang='lat' dir='ltr'>prior</span> <span class='ocrx_word' id='word_1_53' title='bbox 215 971 296 1032; x_wconf 87' lang='lat' dir='ltr'>intra</span> <span class='ocrx_word' id='word_1_54' title='bbox 306 974 431 1033; x_wconf 92' lang='lat' dir='ltr'>domum</span> <span class='ocrx_word' id='word_1_55' title='bbox 443 971 549 1056; x_wconf 84' lang='lat' dir='ltr'>ponas,</span> <span class='ocrx_word' id='word_1_56' title='bbox 565 977 594 1034; x_wconf 93' lang='lat' dir='ltr'>in</span> <span class='ocrx_word' id='word_1_57' title='bbox 609 997 668 1056; x_wconf 89' lang='lat' dir='ltr'>qua</span> <span class='ocrx_word' id='word_1_58' title='bbox 680 976 823 1056; x_wconf 85' lang='lat' dir='ltr'>deinceps</span> <span class='ocrx_word' id='word_1_59' title='bbox 835 975 931 1034; x_wconf 88' lang='lat' dir='ltr'>multa</span> <span class='ocrx_word' id='word_1_60' title='bbox 943 975 1015 1034; x_wconf 89' lang='lat' dir='ltr'>sunt</span> <span class='ocrx_word' id='word_1_61' title='bbox 1029 973 1119 1048; x_wconf 85' lang='lat' dir='ltr'>ostia,</span> 
     </span>
     <span class='ocr_line' id='line_1_10' title="bbox 114 1070 1120 1154; baseline 0.001 -27"><span class='ocrx_word' id='word_1_62' title='bbox 114 1089 189 1147; x_wconf 85' lang='lat' dir='ltr'>quae</span> <span class='ocrx_word' id='word_1_63' title='bbox 204 1077 345 1151; x_wconf 88' lang='lat' dir='ltr'>receptos</span> <span class='ocrx_word' id='word_1_64' title='bbox 360 1092 484 1154; x_wconf 88' lang='lat' dir='ltr'>quoque</span> <span class='ocrx_word' id='word_1_65' title='bbox 502 1073 676 1132; x_wconf 83' lang='lat' dir='ltr'>excludant.</span> <span class='ocrx_word' id='word_1_66' title='bbox 698 1074 789 1154; x_wconf 81' lang='lat' dir='ltr'>Apud</span> <span class='ocrx_word' id='word_1_67' title='bbox 804 1093 860 1132; x_wconf 89' lang='lat' dir='ltr'>nos</span> <span class='ocrx_word' id='word_1_68' title='bbox 879 1072 968 1151; x_wconf 87' lang='lat' dir='ltr'>primi</span> <span class='ocrx_word' id='word_1_69' title='bbox 983 1070 1120 1129; x_wconf 89' lang='lat' dir='ltr'>omnium</span> 
     </span>
     <span class='ocr_line' id='line_1_11' title="bbox 115 1158 1121 1246; baseline 0.004 -24"><span class='ocrx_word' id='word_1_70' title='bbox 115 1165 153 1225; x_wconf 88' lang='lat' dir='ltr'>C.</span> <span class='ocrx_word' id='word_1_71' title='bbox 175 1165 335 1228; x_wconf 83' lang='lat' dir='ltr'>Gracchus</span> <span class='ocrx_word' id='word_1_72' title='bbox 351 1177 382 1228; x_wconf 91' lang='lat' dir='ltr'>et</span> <span class='ocrx_word' id='word_1_73' title='bbox 395 1190 467 1229; x_wconf 85' lang='lat' dir='ltr'>mox</span> <span class='ocrx_word' id='word_1_74' title='bbox 483 1171 586 1230; x_wconf 89' lang='lat' dir='ltr'>Livius</span> <span class='ocrx_word' id='word_1_75' title='bbox 607 1171 727 1230; x_wconf 87' lang='lat' dir='ltr'>Drusus</span> <span class='ocrx_word' id='word_1_76' title='bbox 746 1158 947 1229; x_wconf 89' lang='lat' dir='ltr'>instituerunt</span> <span class='ocrx_word' id='word_1_77' title='bbox 962 1187 1121 1246; x_wconf 80' lang='lat' dir='ltr'>segregare</span> 
     </span>
     <span class='ocr_line' id='line_1_12' title="bbox 114 1263 1121 1348; baseline 0 -26"><span class='ocrx_word' id='word_1_78' title='bbox 114 1263 242 1322; x_wconf 85' lang='lat' dir='ltr'>turbam</span> <span class='ocrx_word' id='word_1_79' title='bbox 258 1286 356 1339; x_wconf 85' lang='lat' dir='ltr'>suam,</span> <span class='ocrx_word' id='word_1_80' title='bbox 371 1274 402 1326; x_wconf 85' lang='lat' dir='ltr'>et</span> <span class='ocrx_word' id='word_1_81' title='bbox 415 1267 491 1326; x_wconf 88' lang='lat' dir='ltr'>alios</span> <span class='ocrx_word' id='word_1_82' title='bbox 507 1269 537 1327; x_wconf 93' lang='lat' dir='ltr'>in</span> <span class='ocrx_word' id='word_1_83' title='bbox 553 1275 703 1327; x_wconf 87' lang='lat' dir='ltr'>secretum</span> <span class='ocrx_word' id='word_1_84' title='bbox 716 1268 861 1348; x_wconf 71' lang='lat' dir='ltr'>recipere,</span> <span class='ocrx_word' id='word_1_85' title='bbox 880 1267 955 1326; x_wconf 88' lang='lat' dir='ltr'>alios</span> <span class='ocrx_word' id='word_1_86' title='bbox 970 1285 1040 1325; x_wconf 89' lang='lat' dir='ltr'>cum</span> <span class='ocrx_word' id='word_1_87' title='bbox 1055 1265 1121 1344; x_wconf 93' lang='lat' dir='ltr'>plu·</span> 
     </span>
     <span class='ocr_line' id='line_1_13' title="bbox 115 1361 1121 1444; baseline 0 -26"><span class='ocrx_word' id='word_1_88' title='bbox 115 1361 216 1433; x_wconf 80' lang='lat' dir='ltr'>ribus,</span> <span class='ocrx_word' id='word_1_89' title='bbox 237 1362 313 1422; x_wconf 89' lang='lat' dir='ltr'>alios</span> <span class='ocrx_word' id='word_1_90' title='bbox 331 1364 503 1426; x_wconf 85' lang='lat' dir='ltr'>universos.</span> <span class='ocrx_word' id='word_1_91' title='bbox 529 1365 712 1424; x_wconf 79' lang='lat' dir='ltr'>Habuerunt</span> <span class='ocrx_word' id='word_1_92' title='bbox 734 1366 837 1444; x_wconf 84' lang='lat' dir='ltr'>itaque</span> <span class='ocrx_word' id='word_1_93' title='bbox 859 1364 910 1423; x_wconf 90' lang='lat' dir='ltr'>isti</span> <span class='ocrx_word' id='word_1_94' title='bbox 929 1363 1042 1422; x_wconf 89' lang='lat' dir='ltr'>amicos</span> <span class='ocrx_word' id='word_1_95' title='bbox 1059 1361 1121 1440; x_wconf 91' lang='lat' dir='ltr'>pri-</span> 
     </span>
     <span class='ocr_line' id='line_1_14' title="bbox 115 1457 1119 1546; baseline -0.001 -30"><span class='ocrx_word' id='word_1_96' title='bbox 115 1478 196 1530; x_wconf 67' lang='lat' dir='ltr'>mm,</span> <span class='ocrx_word' id='word_1_97' title='bbox 210 1457 386 1533; x_wconf 79' lang='lat' dir='ltr'>habuerunt</span> <span class='ocrx_word' id='word_1_98' title='bbox 396 1462 558 1536; x_wconf 58' lang='lat' dir='ltr'>secundos</span> <span class='ocrx_word' id='word_1_99' title='bbox 571 1465 737 1542; x_wconf 75' lang='lat' dir='ltr'>numquam</span> <span class='ocrx_word' id='word_1_100' title='bbox 752 1482 852 1520; x_wconf 77' lang='lat' dir='ltr'>veros,</span> <span class='ocrx_word' id='word_1_101' title='bbox 863 1461 1005 1519; x_wconf 88' lang='lat' dir='ltr'>Amicum</span> <span class='ocrx_word' id='word_1_102' title='bbox 1016 1478 1119 1546; x_wconf 82' lang='lat' dir='ltr'>vocas,</span> 
     </span>
     <span class='ocr_line' id='line_1_15' title="bbox 114 1555 1122 1639; baseline -0.001 -25"><span class='ocrx_word' id='word_1_103' title='bbox 114 1555 209 1634; x_wconf 91' lang='lat' dir='ltr'>cujus</span> <span class='ocrx_word' id='word_1_104' title='bbox 232 1555 407 1636; x_wconf 75' lang='lat' dir='ltr'>disponitur</span> <span class='ocrx_word' id='word_1_105' title='bbox 426 1559 601 1620; x_wconf 80' lang='lat' dir='ltr'>salutatio?</span> <span class='ocrx_word' id='word_1_106' title='bbox 622 1567 674 1618; x_wconf 92' lang='lat' dir='ltr'>aut</span> <span class='ocrx_word' id='word_1_107' title='bbox 699 1566 801 1639; x_wconf 87' lang='lat' dir='ltr'>potest</span> <span class='ocrx_word' id='word_1_108' title='bbox 822 1557 913 1636; x_wconf 85' lang='lat' dir='ltr'>hujus</span> <span class='ocrx_word' id='word_1_109' title='bbox 939 1556 995 1615; x_wconf 92' lang='lat' dir='ltr'>tibi</span> <span class='ocrx_word' id='word_1_110' title='bbox 1016 1563 1122 1636; x_wconf 86' lang='lat' dir='ltr'>patere</span> 
     </span>
     <span class='ocr_line' id='line_1_16' title="bbox 116 1651 1120 1736; baseline 0.001 -27"><span class='ocrx_word' id='word_1_111' title='bbox 116 1652 206 1723; x_wconf 81' lang='lat' dir='ltr'>fides,</span> <span class='ocrx_word' id='word_1_112' title='bbox 241 1654 294 1733; x_wconf 92' lang='lat' dir='ltr'>qui</span> <span class='ocrx_word' id='word_1_113' title='bbox 329 1676 384 1734; x_wconf 90' lang='lat' dir='ltr'>per</span> <span class='ocrx_word' id='word_1_114' title='bbox 418 1655 499 1715; x_wconf 87' lang='lat' dir='ltr'>sores</span> <span class='ocrx_word' id='word_1_115' title='bbox 534 1656 666 1734; x_wconf 85' lang='lat' dir='ltr'>maligne</span> <span class='ocrx_word' id='word_1_116' title='bbox 695 1664 816 1736; x_wconf 86' lang='lat' dir='ltr'>apertas</span> <span class='ocrx_word' id='word_1_117' title='bbox 847 1654 1039 1724; x_wconf 78' lang='lat' dir='ltr'>nonintrat,</span> <span class='ocrx_word' id='word_1_118' title='bbox 1068 1651 1120 1710; x_wconf 90' lang='lat' dir='ltr'>sed</span> 
     </span>
     <span class='ocr_line' id='line_1_17' title="bbox 115 1749 1109 1836; baseline 0 -30"><span class='ocrx_word' id='word_1_119' title='bbox 115 1749 281 1836; x_wconf 82' lang='lat' dir='ltr'>illabitur?</span> <span class='ocrx_word' id='word_1_120' title='bbox 299 1751 380 1810; x_wconf 88' lang='lat' dir='ltr'>Huic</span> <span class='ocrx_word' id='word_1_121' title='bbox 402 1754 563 1832; x_wconf 85' lang='lat' dir='ltr'>pervenire</span> <span class='ocrx_word' id='word_1_122' title='bbox 584 1774 682 1832; x_wconf 88' lang='lat' dir='ltr'>usque</span> <span class='ocrx_word' id='word_1_123' title='bbox 704 1753 742 1812; x_wconf 91' lang='lat' dir='ltr'>ad</span> <span class='ocrx_word' id='word_1_124' title='bbox 761 1749 1010 1828; x_wconf 82' lang='lat' dir='ltr'>destringendam</span> <span class='ocrx_word' id='word_1_125' title='bbox 1032 1749 1109 1807; x_wconf 86' lang='lat' dir='ltr'>liber</span> 
     </span>
     <span class='ocr_line' id='line_1_18' title="bbox 114 1846 1122 1930; baseline -0.001 -26"><span class='ocrx_word' id='word_1_126' title='bbox 114 1854 213 1905; x_wconf 82' lang='lat' dir='ltr'>tatem</span> <span class='ocrx_word' id='word_1_127' title='bbox 234 1846 316 1921; x_wconf 85' lang='lat' dir='ltr'>licet,</span> <span class='ocrx_word' id='word_1_128' title='bbox 343 1849 431 1929; x_wconf 85' lang='lat' dir='ltr'>cujus</span> <span class='ocrx_word' id='word_1_129' title='bbox 455 1850 581 1928; x_wconf 80' lang='lat' dir='ltr'>vulgare</span> <span class='ocrx_word' id='word_1_130' title='bbox 608 1857 637 1908; x_wconf 91' lang='lat' dir='ltr'>et</span> <span class='ocrx_word' id='word_1_131' title='bbox 665 1848 821 1930; x_wconf 91' lang='lat' dir='ltr'>publicum</span> <span class='ocrx_word' id='word_1_132' title='bbox 844 1847 972 1905; x_wconf 85' lang='lat' dir='ltr'>verbum</span> <span class='ocrx_word' id='word_1_133' title='bbox 997 1853 1027 1904; x_wconf 89' lang='lat' dir='ltr'>et</span> <span class='ocrx_word' id='word_1_134' title='bbox 1050 1867 1122 1925; x_wconf 91' lang='lat' dir='ltr'>pro-</span> 
     </span>
     <span class='ocr_line' id='line_1_19' title="bbox 114 1943 1123 2023; baseline -0.002 -21"><span class='ocrx_word' id='word_1_135' title='bbox 114 1945 270 2002; x_wconf 90' lang='lat' dir='ltr'>miscuum</span> <span class='ocrx_word' id='word_1_136' title='bbox 292 1945 406 2023; x_wconf 82' lang='lat' dir='ltr'>ignotis</span> <span class='ocrx_word' id='word_1_137' title='bbox 430 1949 559 2005; x_wconf 82' lang='lat' dir='ltr'>«Ave»</span> <span class='ocrx_word' id='word_1_138' title='bbox 579 1947 716 2005; x_wconf 88' lang='lat' dir='ltr'>nonnisi</span> <span class='ocrx_word' id='word_1_139' title='bbox 739 1967 794 2004; x_wconf 88' lang='lat' dir='ltr'>suo</span> <span class='ocrx_word' id='word_1_140' title='bbox 814 1943 922 2004; x_wconf 87' lang='lat' dir='ltr'>ordine</span> <span class='ocrx_word' id='word_1_141' title='bbox 943 1943 1123 2001; x_wconf 84' lang='lat' dir='ltr'>emittitur?</span> 
     </span>
     <span class='ocr_line' id='line_1_20' title="bbox 115 2039 1121 2122; baseline -0.004 -22"><span class='ocrx_word' id='word_1_142' title='bbox 115 2040 165 2100; x_wconf 85' lang='lat' dir='ltr'>Ad</span> <span class='ocrx_word' id='word_1_143' title='bbox 182 2061 410 2122; x_wconf 88' lang='lat' dir='ltr'>quemcumque</span> <span class='ocrx_word' id='word_1_144' title='bbox 425 2043 529 2122; x_wconf 86' lang='lat' dir='ltr'>itaque</span> <span class='ocrx_word' id='word_1_145' title='bbox 543 2043 672 2102; x_wconf 89' lang='lat' dir='ltr'>istorum</span> <span class='ocrx_word' id='word_1_146' title='bbox 685 2042 817 2116; x_wconf 86' lang='lat' dir='ltr'>veneris,</span> <span class='ocrx_word' id='word_1_147' title='bbox 829 2061 961 2121; x_wconf 90' lang='lat' dir='ltr'>quorum</span> <span class='ocrx_word' id='word_1_148' title='bbox 978 2039 1121 2097; x_wconf 89' lang='lat' dir='ltr'>salutatio</span> 
     </span>
     <span class='ocr_line' id='line_1_21' title="bbox 115 2135 1122 2220; baseline -0.003 -24"><span class='ocrx_word' id='word_1_149' title='bbox 115 2137 227 2196; x_wconf 87' lang='lat' dir='ltr'>urbem</span> <span class='ocrx_word' id='word_1_150' title='bbox 254 2140 403 2211; x_wconf 87' lang='lat' dir='ltr'>concutit,</span> <span class='ocrx_word' id='word_1_151' title='bbox 427 2139 515 2212; x_wconf 82' lang='lat' dir='ltr'>scite,</span> <span class='ocrx_word' id='word_1_152' title='bbox 535 2141 626 2198; x_wconf 90' lang='lat' dir='ltr'>etiam</span> <span class='ocrx_word' id='word_1_153' title='bbox 652 2141 677 2199; x_wconf 91' lang='lat' dir='ltr'>si</span> <span class='ocrx_word' id='word_1_154' title='bbox 704 2137 957 2220; x_wconf 81' lang='lat' dir='ltr'>animadverteris</span> <span class='ocrx_word' id='word_1_155' title='bbox 981 2135 1122 2194; x_wconf 86' lang='lat' dir='ltr'>obsessos</span> 
     </span>
     <span class='ocr_line' id='line_1_22' title="bbox 113 2233 1122 2315; baseline -0.002 -23"><span class='ocrx_word' id='word_1_156' title='bbox 113 2233 237 2312; x_wconf 85' lang='lat' dir='ltr'>ingenti</span> <span class='ocrx_word' id='word_1_157' title='bbox 262 2235 436 2315; x_wconf 86' lang='lat' dir='ltr'>frequentia</span> <span class='ocrx_word' id='word_1_158' title='bbox 462 2237 558 2308; x_wconf 88' lang='lat' dir='ltr'>vicos,</span> <span class='ocrx_word' id='word_1_159' title='bbox 583 2244 615 2309; x_wconf 84' lang='lat' dir='ltr'>et</span> <span class='ocrx_word' id='word_1_160' title='bbox 635 2234 874 2302; x_wconf 86' lang='lat' dir='ltr'>commeantium</span> <span class='ocrx_word' id='word_1_161' title='bbox 901 2235 932 2292; x_wconf 94' lang='lat' dir='ltr'>in</span> <span class='ocrx_word' id='word_1_162' title='bbox 960 2241 1122 2313; x_wconf 87' lang='lat' dir='ltr'>utramque</span> 
     </span>
     <span class='ocr_line' id='line_1_23' title="bbox 113 2328 1122 2413; baseline -0.001 -24"><span class='ocrx_word' id='word_1_163' title='bbox 113 2338 238 2411; x_wconf 87' lang='lat' dir='ltr'>partem</span> <span class='ocrx_word' id='word_1_164' title='bbox 263 2333 393 2390; x_wconf 88' lang='lat' dir='ltr'>catervis</span> <span class='ocrx_word' id='word_1_165' title='bbox 421 2333 531 2392; x_wconf 87' lang='lat' dir='ltr'>itinera</span> <span class='ocrx_word' id='word_1_166' title='bbox 558 2353 742 2413; x_wconf 82' lang='lat' dir='ltr'>compressa,</span> <span class='ocrx_word' id='word_1_167' title='bbox 771 2340 874 2391; x_wconf 88' lang='lat' dir='ltr'>tamen</span> <span class='ocrx_word' id='word_1_168' title='bbox 902 2329 1007 2388; x_wconf 87' lang='lat' dir='ltr'>venire</span> <span class='ocrx_word' id='word_1_169' title='bbox 1033 2335 1063 2388; x_wconf 89' lang='lat' dir='ltr'>te</span> <span class='ocrx_word' id='word_1_170' title='bbox 1089 2328 1122 2388; x_wconf 90' lang='lat' dir='ltr'>in</span> 
     </span>
     <span class='ocr_line' id='line_1_24' title="bbox 113 2428 850 2512; baseline 0.003 -26"><span class='ocrx_word' id='word_1_171' title='bbox 113 2429 222 2487; x_wconf 90' lang='lat' dir='ltr'>locum</span> <span class='ocrx_word' id='word_1_172' title='bbox 237 2428 413 2488; x_wconf 91' lang='lat' dir='ltr'>hominibus</span> <span class='ocrx_word' id='word_1_173' title='bbox 431 2430 567 2512; x_wconf 83' lang='lat' dir='ltr'>plenum,</span> <span class='ocrx_word' id='word_1_174' title='bbox 588 2431 692 2489; x_wconf 89' lang='lat' dir='ltr'>amicis</span> <span class='ocrx_word' id='word_1_175' title='bbox 708 2451 850 2488; x_wconf 85' lang='lat' dir='ltr'>vacuum.</span> 
     </span>
    </p>
   </div>
   <div class='ocr_carea' id='block_1_3' title="bbox 314 2634 931 2704">
    <p class='ocr_par' dir='ltr' id='par_1_3' title="bbox 314 2634 931 2704">
     <span class='ocr_line' id='line_1_25' title="bbox 314 2634 931 2704; baseline -0.006 -11"><span class='ocrx_word' id='word_1_176' title='bbox 314 2636 373 2693; x_wconf 81' lang='lat'>77.</span> <span class='ocrx_word' id='word_1_177' title='bbox 393 2635 560 2693; x_wconf 81' lang='lat' dir='ltr'>consens</span> <span class='ocrx_word' id='word_1_178' title='bbox 579 2636 604 2691; x_wconf 78' lang='lat' dir='ltr'>a</span> <span class='ocrx_word' id='word_1_179' title='bbox 620 2648 670 2692; x_wconf 89' lang='lat' dir='ltr'>un</span> <span class='ocrx_word' id='word_1_180' title='bbox 685 2635 795 2704; x_wconf 73' lang='lat' dir='ltr'>Jeune</span> <span class='ocrx_word' id='word_1_181' title='bbox 815 2634 931 2690; x_wconf 85' lang='lat' dir='ltr'>noble.</span> 
     </span>
    </p>
   </div>
   <div class='ocr_carea' id='block_1_4' title="bbox 303 2737 941 2823">
    <p class='ocr_par' dir='ltr' id='par_1_4' title="bbox 303 2737 941 2823">
     <span class='ocr_line' id='line_1_26' title="bbox 303 2737 941 2823; baseline -0.003 -25"><span class='ocrx_word' id='word_1_182' title='bbox 303 2738 367 2819; x_wconf 78' lang='lat' dir='ltr'>(Ad</span> <span class='ocrx_word' id='word_1_183' title='bbox 382 2740 531 2821; x_wconf 85' lang='lat' dir='ltr'>juvenem</span> <span class='ocrx_word' id='word_1_184' title='bbox 547 2737 720 2823; x_wconf 82' lang='lat' dir='ltr'>patricium</span> <span class='ocrx_word' id='word_1_185' title='bbox 741 2737 941 2818; x_wconf 76' lang='lat' dir='ltr'>adhortatio.)</span> 
     </span>
    </p>
   </div>
   <div class='ocr_carea' id='block_1_5' title="bbox 130 2871 1189 3835">
    <p class='ocr_par' dir='ltr' id='par_1_5' title="bbox 130 2871 1189 3835">
     <span class='ocr_line' id='line_1_27' title="bbox 177 2871 1189 2953; baseline 0.004 -23"><span class='ocrx_word' id='word_1_186' title='bbox 177 2871 239 2930; x_wconf 90' lang='lat' dir='ltr'>Dic</span> <span class='ocrx_word' id='word_1_187' title='bbox 260 2872 345 2945; x_wconf 85' lang='lat' dir='ltr'>mihi,</span> <span class='ocrx_word' id='word_1_188' title='bbox 368 2873 556 2934; x_wconf 87' lang='lat' dir='ltr'>Teucrorum</span> <span class='ocrx_word' id='word_1_189' title='bbox 578 2873 691 2953; x_wconf 83' lang='lat' dir='ltr'>proles,</span> <span class='ocrx_word' id='word_1_190' title='bbox 714 2871 854 2932; x_wconf 90' lang='lat' dir='ltr'>animalia</span> <span class='ocrx_word' id='word_1_191' title='bbox 876 2878 960 2930; x_wconf 84' lang='lat' dir='ltr'>muta</span> <span class='ocrx_word' id='word_1_192' title='bbox 1131 2875 1189 2944; x_wconf 76' lang='lat' dir='ltr'>nh,</span> 
     </span>
     <span class='ocr_line' id='line_1_28' title="bbox 177 2954 1120 3050; baseline -0.003 -23"><span class='ocrx_word' id='word_1_193' title='bbox 177 2969 254 3037; x_wconf 89' lang='lat' dir='ltr'>Quis</span> <span class='ocrx_word' id='word_1_194' title='bbox 275 2974 423 3046; x_wconf 79' lang='lat' dir='ltr'>generosa</span> <span class='ocrx_word' id='word_1_195' title='bbox 444 2978 541 3050; x_wconf 83' lang='lat' dir='ltr'>putet,</span> <span class='ocrx_word' id='word_1_196' title='bbox 566 2971 624 3028; x_wconf 91' lang='lat' dir='ltr'>nisi</span> <span class='ocrx_word' id='word_1_197' title='bbox 646 2970 763 3030; x_wconf 83' lang='lat' dir='ltr'>fortia?</span> <span class='ocrx_word' id='word_1_198' title='bbox 786 2970 902 3047; x_wconf 89' lang='lat' dir='ltr'>Nempe</span> <span class='ocrx_word' id='word_1_199' title='bbox 923 2967 1081 3026; x_wconf 88' lang='lat' dir='ltr'>volucrem</span> <span class='ocrx_word' id='word_1_200' title='bbox 1117 2954 1120 2958; x_wconf 40' lang='grc'><em>’</em></span> 
     </span>
     <span class='ocr_line' id='line_1_29' title="bbox 178 3063 1009 3148; baseline -0.004 -24"><span class='ocrx_word' id='word_1_201' title='bbox 178 3067 231 3125; x_wconf 87' lang='lat' dir='ltr'>Sic</span> <span class='ocrx_word' id='word_1_202' title='bbox 252 3066 413 3126; x_wconf 88' lang='lat' dir='ltr'>laudamus</span> <span class='ocrx_word' id='word_1_203' title='bbox 434 3088 559 3148; x_wconf 86' lang='lat' dir='ltr'>equum,</span> <span class='ocrx_word' id='word_1_204' title='bbox 582 3066 663 3126; x_wconf 85' lang='lat' dir='ltr'>facili</span> <span class='ocrx_word' id='word_1_205' title='bbox 686 3067 735 3126; x_wconf 90' lang='lat' dir='ltr'>cui</span> <span class='ocrx_word' id='word_1_206' title='bbox 758 3067 888 3146; x_wconf 89' lang='lat' dir='ltr'>plurima</span> <span class='ocrx_word' id='word_1_207' title='bbox 909 3063 1009 3144; x_wconf 87' lang='lat' dir='ltr'>palma</span> 
     </span>
     <span class='ocr_line' id='line_1_30' title="bbox 179 3163 893 3235; baseline 0 -13"><span class='ocrx_word' id='word_1_208' title='bbox 179 3163 303 3235; x_wconf 87' lang='lat' dir='ltr'>Fervet,</span> <span class='ocrx_word' id='word_1_209' title='bbox 326 3172 358 3222; x_wconf 85' lang='lat' dir='ltr'>et</span> <span class='ocrx_word' id='word_1_210' title='bbox 379 3165 513 3223; x_wconf 86' lang='lat' dir='ltr'>exsultat</span> <span class='ocrx_word' id='word_1_211' title='bbox 534 3186 626 3223; x_wconf 87' lang='lat' dir='ltr'>rauco</span> <span class='ocrx_word' id='word_1_212' title='bbox 649 3164 779 3222; x_wconf 89' lang='lat' dir='ltr'>victoria</span> <span class='ocrx_word' id='word_1_213' title='bbox 801 3165 893 3222; x_wconf 78' lang='lat' dir='ltr'>circo,</span> 
     </span>
     <span class='ocr_line' id='line_1_31' title="bbox 180 3259 1051 3340; baseline -0.002 -22"><span class='ocrx_word' id='word_1_214' title='bbox 180 3259 302 3318; x_wconf 81' lang='lat' dir='ltr'>Nobilis</span> <span class='ocrx_word' id='word_1_215' title='bbox 324 3261 391 3336; x_wconf 81' lang='lat' dir='ltr'>liic,&#39;</span> <span class='ocrx_word' id='word_1_216' title='bbox 409 3282 604 3340; x_wconf 90' lang='lat' dir='ltr'>quocumque</span> <span class='ocrx_word' id='word_1_217' title='bbox 627 3262 712 3320; x_wconf 86' lang='lat' dir='ltr'>venit</span> <span class='ocrx_word' id='word_1_218' title='bbox 733 3261 770 3319; x_wconf 87' lang='lat' dir='ltr'>de</span> <span class='ocrx_word' id='word_1_219' title='bbox 793 3260 939 3338; x_wconf 77' lang='lat' dir='ltr'>gramine,</span> <span class='ocrx_word' id='word_1_220' title='bbox 963 3259 1051 3338; x_wconf 85' lang='lat' dir='ltr'>cujus</span> 
     </span>
     <span class='ocr_line' id='line_1_32' title="bbox 130 3341 1090 3438; baseline 0 -22"><span class='ocrx_word' id='word_1_221' title='bbox 130 3341 132 3350; x_wconf 69' lang='lat'><em>,</em></span> <span class='ocrx_word' id='word_1_222' title='bbox 178 3357 270 3416; x_wconf 88' lang='lat' dir='ltr'>Clara</span> <span class='ocrx_word' id='word_1_223' title='bbox 291 3358 363 3436; x_wconf 85' lang='lat' dir='ltr'>luga</span> <span class='ocrx_word' id='word_1_224' title='bbox 386 3366 456 3417; x_wconf 88' lang='lat' dir='ltr'>ante</span> <span class='ocrx_word' id='word_1_225' title='bbox 479 3358 554 3418; x_wconf 88' lang='lat' dir='ltr'>alios</span> <span class='ocrx_word' id='word_1_226' title='bbox 576 3367 606 3417; x_wconf 89' lang='lat' dir='ltr'>et</span> <span class='ocrx_word' id='word_1_227' title='bbox 627 3359 743 3438; x_wconf 88' lang='lat' dir='ltr'>primus</span> <span class='ocrx_word' id='word_1_228' title='bbox 765 3358 796 3416; x_wconf 93' lang='lat' dir='ltr'>in</span> <span class='ocrx_word' id='word_1_229' title='bbox 819 3375 942 3437; x_wconf 68' lang='lat' dir='ltr'>aequore</span> <span class='ocrx_word' id='word_1_230' title='bbox 964 3355 1090 3435; x_wconf 82' lang='lat' dir='ltr'>pulvis:</span> 
     </span>
     <span class='ocr_line' id='line_1_33' title="bbox 179 3453 890 3536; baseline 0 -25"><span class='ocrx_word' id='word_1_231' title='bbox 179 3453 240 3512; x_wconf 87' lang='lat' dir='ltr'>Sed</span> <span class='ocrx_word' id='word_1_232' title='bbox 263 3455 369 3513; x_wconf 88' lang='lat' dir='ltr'>venale</span> <span class='ocrx_word' id='word_1_233' title='bbox 392 3476 486 3536; x_wconf 86' lang='lat' dir='ltr'>pecus</span> <span class='ocrx_word' id='word_1_234' title='bbox 508 3456 653 3535; x_wconf 83' lang='lat' dir='ltr'>Corythae</span> <span class='ocrx_word' id='word_1_235' title='bbox 675 3455 837 3535; x_wconf 85' lang='lat' dir='ltr'>posteritas</span> <span class='ocrx_word' id='word_1_236' title='bbox 860 3462 890 3512; x_wconf 91' lang='lat' dir='ltr'>et</span> 
     </span>
     <span class='ocr_line' id='line_1_34' title="bbox 182 3551 814 3633; baseline 0.006 -25"><span class='ocrx_word' id='word_1_237' title='bbox 182 3551 316 3630; x_wconf 84' lang='lat' dir='ltr'>Hirpini,</span> <span class='ocrx_word' id='word_1_238' title='bbox 340 3553 365 3610; x_wconf 92' lang='lat' dir='ltr'>si</span> <span class='ocrx_word' id='word_1_239' title='bbox 387 3573 453 3612; x_wconf 89' lang='lat' dir='ltr'>rara</span> <span class='ocrx_word' id='word_1_240' title='bbox 473 3554 549 3633; x_wconf 79' lang='lat' dir='ltr'>jugo</span> <span class='ocrx_word' id='word_1_241' title='bbox 574 3552 701 3611; x_wconf 90' lang='lat' dir='ltr'>victoria</span> <span class='ocrx_word' id='word_1_242' title='bbox 724 3551 814 3612; x_wconf 87' lang='lat' dir='ltr'>sedit.</span> 
     </span>
     <span class='ocr_line' id='line_1_35' title="bbox 175 3656 882 3738; baseline -0.001 -21"><span class='ocrx_word' id='word_1_243' title='bbox 175 3656 227 3717; x_wconf 88' lang='lat' dir='ltr'>Nil</span> <span class='ocrx_word' id='word_1_244' title='bbox 250 3657 292 3714; x_wconf 93' lang='lat' dir='ltr'>ibi</span> <span class='ocrx_word' id='word_1_245' title='bbox 314 3659 467 3738; x_wconf 86' lang='lat' dir='ltr'>majorum</span> <span class='ocrx_word' id='word_1_246' title='bbox 490 3666 656 3738; x_wconf 64' lang='lat' dir='ltr'>respectus</span> <span class='ocrx_word' id='word_1_247' title='bbox 680 3659 778 3735; x_wconf 84' lang='lat' dir='ltr'>gratia</span> <span class='ocrx_word' id='word_1_248' title='bbox 800 3657 882 3716; x_wconf 89' lang='lat' dir='ltr'>nulla</span> 
     </span>
     <span class='ocr_line' id='line_1_36' title="bbox 182 3753 998 3835; baseline -0.001 -23"><span class='ocrx_word' id='word_1_249' title='bbox 182 3753 393 3816; x_wconf 87' lang='lat' dir='ltr'>Umbrarum:</span> <span class='ocrx_word' id='word_1_250' title='bbox 418 3754 559 3814; x_wconf 87' lang='lat' dir='ltr'>dominos</span> <span class='ocrx_word' id='word_1_251' title='bbox 581 3754 688 3835; x_wconf 89' lang='lat' dir='ltr'>pretiis</span> <span class='ocrx_word' id='word_1_252' title='bbox 711 3764 828 3814; x_wconf 86' lang='lat' dir='ltr'>mutare</span> <span class='ocrx_word' id='word_1_253' title='bbox 847 3755 998 3834; x_wconf 80' lang='lat' dir='ltr'>jubentur</span> 
     </span>
    </p>
   </div>
   <div class='ocr_carea' id='block_1_6' title="bbox 552 3924 692 3978">
    <p class='ocr_par' dir='ltr' id='par_1_6' title="bbox 552 3924 692 3978">
     <span class='ocr_line' id='line_1_37' title="bbox 552 3924 692 3978; baseline -0.014 -11"><span class='ocrx_word' id='word_1_254' title='bbox 552 3924 692 3978; x_wconf 75' lang='grc'>..53-</span> 
     </span>
    </p>
   </div>
   <div class='ocr_carea' id='block_1_7' title="bbox 0 0 1340 4252">
    <p class='ocr_par' dir='ltr' id='par_1_7' title="bbox 0 0 1340 4252">
     <span class='ocr_line' id='line_1_38' title="bbox 0 0 1340 4252; baseline 0 0"><span class='ocrx_word' id='word_1_255' title='bbox 0 0 1340 4252; x_wconf 95' lang='lat' dir='ltr'> </span> 
     </span>
    </p>
   </div>
  </div>
 </body>
</html>
