2656 4258
269 247 271 259 ,
358 192 437 249 124.
458 194 529 250 Les
549 194 678 251 ennuis
698 195 743 250 de
761 197 884 253 Rome.

334 295 448 376 (Quam
471 296 599 357 molesta
620 299 736 362 Romae
756 297 797 358 sit
818 298 903 381 vita.)

240 476 304 537 Cur
325 497 407 556 saepe
429 477 503 536 sicci
525 499 620 558 parva
642 500 714 538 rura
736 478 881 550 Nomenti
1110 491 1186 546 Ἧι.

239 573 408 654 Laremque
430 574 511 633 villae
534 575 692 634 sordidum
715 583 827 655 petam,
851 577 974 657 quaeris

155 703 159 708 ·
239 669 303 728 Nec
325 671 493 749 cogitandi,
517 671 639 751 Sparso,
663 693 719 731 nec
741 673 917 752 quiescendi

160 827 162 829 .
241 767 275 824 ln
298 767 372 826 urbe
394 767 480 826 locus
502 776 549 827 est
570 769 718 849 pauperi;
742 775 857 847 negant
877 769 973 827 vitam

241 863 460 942 Ludimagistri
483 886 583 934 mane,
607 874 697 924 nocte
719 865 860 945 pistores,

238 959 430 1019 AEreriorum
452 961 585 1021 marculi
607 961 657 1020 die
678 969 756 1021 toto,

223 1107 227 1116 ,,
241 1056 303 1115 Nec
325 1057 416 1116 turba
437 1066 539 1117 cessat
560 1058 704 1118 entheata
726 1058 873 1131 Bellonae,

242 1153 305 1212 Nec
327 1153 455 1213 fasciato
478 1154 646 1232 naufragus
668 1155 782 1234 loquax
803 1163 923 1230 trunco,

120 1320 124 1328 ι
200 1285 203 1291 -
240 1253 386 1310 Amatne
409 1250 517 1310 doctus
540 1272 597 1309 nec
618 1273 726 1330 rogare
748 1251 884 1325 Judaeus‚

236 1345 300 1404 Nec
321 1346 478 1406 sulluratae
501 1348 603 1427 lippus
624 1348 748 1407 institor
768 1349 889 1408 mercis.

242 1442 411 1502 Numerare
433 1445 509 1522 pigri
533 1446 645 1503 damna
667 1445 722 1524 qui
744 1452 847 1524 potest
869 1445 979 1518 somni,
1020 1465 1023 1471 ·

240 1539 331 1598 Dicet
352 1548 428 1619 quot
450 1561 509 1599 aera
532 1541 695 1599 verberent
716 1562 825 1600 manus
847 1541 942 1613 urbis
984 1608 987 1616 ,

240 1636 318 1695 Cum
341 1646 422 1695 secta
445 1637 562 1697 Colcho
584 1637 656 1696 luna
679 1639 807 1717 vapulat
827 1637 968 1715 rhombo.

242 1731 300 1804 Tu,
324 1733 444 1813 Sparso,
469 1736 567 1792 nescis
589 1735 657 1806 ista,
682 1755 738 1792 nec
759 1740 847 1814 poles
869 1735 957 1807 scire,

244 1829 401 1888 Petilianis
425 1831 573 1890 delicatus
596 1833 627 1889 in
649 1831 766 1908 regnis,

242 1925 299 1985 Cui
323 1927 413 2006 plana
436 1948 572 1986 summos
594 1928 726 2008 despicit
748 1926 858 1988 domus
879 1935 1010 1998 montes,

244 2023 282 2081 Et
304 2044 355 2082 rus
377 2025 408 2082 in
432 2027 506 2082 urbe
529 2032 585 2098 est,
610 2025 787 2104 vinitorque
809 2023 968 2082 Romanus

230 2108 310 2179 (Nec
332 2120 363 2178 in
387 2120 516 2179 Falerno
538 2121 616 2180 colle
638 2121 737 2200 major
757 2127 950 2205 autumnus),

246 2216 390 2295 intraque
412 2217 505 2276 limen
547 2217 649 2276 clusus
671 2217 778 2276 essedo
799 2237 919 2289 curem,

216 2369 218 2374 .
244 2312 281 2371 Et
304 2313 334 2370 in
357 2313 511 2392 profundo
533 2334 670 2386 somnus,
694 2322 725 2372 et
745 2315 831 2393 quies
852 2313 945 2372 nullis

242 2409 364 2468 Offensa
386 2410 511 2487 linguis
535 2431 591 2469 nec
613 2411 688 2480 dies,
712 2412 771 2469 nisi
794 2411 955 2470 admissus.

241 2505 491 2565 Nostranseuntis
513 2507 591 2565 risus
613 2508 728 2567 excitat
748 2507 857 2581 turbae,

245 2595 342 2660 Et'ad
365 2602 466 2662 cubile
488 2610 535 2661 est.
556 2603 654 2663 Roma
670 2622 676 2663 :
691 2604 784 2663 taedio
806 2597 895 2662 fessis

154 2697 156 2700 ’
242 2696 388 2758 'Dormire
409 2700 530 2780 quoties
552 2700 653 2786 libuit,
677 2701 756 2759 imus
779 2700 817 2759 ad
838 2699 953 2759 villam.

354 2965 436 3022 125.
460 2967 538 3022 Une
554 2963 710 3036 Journee
730 2966 893 3023 eRome.
950 3043 953 3050 Ι

343 3067 517 3149 (Quomodo
538 3070 653 3129 Romae
671 3077 802 3151 pereant
822 3069 910 3151 dies.)
950 3071 953 3081 '

159 3223 279 3285 Mirum
308 3233 354 3285 est
382 3248 474 3310 quam
504 3228 632 3305 singulis
661 3227 777 3287 diebus
795 3229 827 3287 in
858 3228 933 3288 urbe
963 3229 1042 3287 ratio
1071 3236 1123 3287 aut
1151 3252 1191 3316 2⁰

7 3373 9 3386 .
106 3327 244 3382 constet
269 3329 323 3382 aut
349 3321 489 3383 constare
510 3324 661 3399 videatur,
687 3325 828 3404 pluribus
853 3321 1032 3405 junctisque
1061 3316 1125 3385 non

7 3419 8 3474 l
112 3425 255 3478 constet.
275 3420 301 3477 N
309 3439 356 3478 am
372 3421 398 3478 si
416 3441 507 3500 quem
530 3421 710 3498 interroges,
730 3445 743 3475 α
758 3422 858 3480 Hodie
872 3422 947 3502 quid
967 3423 1081 3500 egisti?
1094 3447 1121 3494 u,

118 3515 313 3596 respoudeat
331 3534 338 3576 :
355 3541 369 3571 «
387 3517 496 3576 Oflicio
512 3525 593 3596 togae
616 3518 714 3576 virilis
735 3519 879 3594 interlui3
901 3511 1055 3599 sponsalia
1070 3528 1129 3578 aut'

7 3621 9 3646 t
116 3611 249 3692 nuptias
271 3612 486 3692 frequentavi;
506 3614 556 3672 ille
569 3635 618 3672 me
633 3614 672 3673 ad
691 3615 874 3693 signandum
892 3623 1121 3687 testamentum,

113 3709 170 3771 ille
188 3708 221 3767 in
233 3709 479 3784 advocationem,
497 3711 547 3770 ille
564 3710 595 3768 in
611 3712 773 3770 consilium
788 3713 919 3790 rogavit.
939 3739 952 3768 u
971 3713 1045 3771 llaec
1061 3733 1124 3792 quo

551 3897 689 3948 „87-
