2682 4258
539 140 665 194 nonam.
688 152 727 165 -·
750 139 934 178 rffltosm’fflu

303 552 388 611 438.
409 551 635 622 superior-ite·
655 554 700 610 de
718 554 883 610 l’homme
903 565 969 610 sur
986 552 1026 609 la
1044 552 1163 608 brute.

454 685 604 782 '·(Quanto
625 687 702 784 seris
724 701 814 762 homo
834 700 996 784 praestet.)

167 964 220 1024 ffll·
276 971 355 1040 Quid
375 974 415 1032 sit
436 956 598 1034 honestum
617 996 680 1034 non
694 982 757 1034 tam
772 974 953 1034 definitione
967 971 1104 1052 intellegi
1118 978 1235 1052 potest.

235 1091 327 1150 quam
342 1072 504 1131 communi'
513 1071 651 1131 omnium
661 1072 780 1152 judicio
796 1079 826 1130 et
837 1071 947 1151 optimi
958 1070 1109 1150 cujusque
1124 1069 1238 1128 studiis

233 1173 324 1246 atque
341 1167 442 1240 factis,
456 1169 510 1248 qui
525 1169 679 1248 permulta
705 1169 745 1228 ob
763 1189 830 1228 eam
852 1189 944 1226 unam
963 1187 1087 1226 causam
1102 1166 1235 1239 faciunt,

191 1251 195 1260 ’
231 1263 305 1343 quia
331 1263 429 1336 decet,
456 1251 529 1346 quia
554 1273 671 1338 rectum
693 1273 750 1336 est,
772 1265 829 1324 etsi
850 1264 969 1324 nullum
995 1271 1248 1331 consecuturum,

231 1360 474 1420 emolumentum
504 1349 800 1421 vident‘Homine's
827 1362 921 1436 enim,
949 1361 1006 1420 et'si
1025 1360 1091 1420 aliis
1113 1346 1248 1434 multia,

231 1465 334 1516 tamen
354 1456 413 1516 hoc
432 1479 494 1517 uno
514 1458 680 1538 plurimum
704 1459 842 1518 abestiis
865 1458 1020 1530 differunt,
1042 1456 1125 1538 quod
1142 1457 1238 1515 ratio-

231 1574 300 1612 nem
321 1553 435 1620 habent
457 1576 473 1614 a
496 1562 606 1616 nutura
627 1555 740 1619 datam.
758 1563 954 1635 mentemque
967 1574 1067 1614 acrem
1083 1561 1113 1612 et
1126 1539 1246 1631 vigenss

231 1657 292 1708 tem
308 1633 527 1731 celerrimeque
547 1652 643 1711 multa
661 1652 749 1711 simul
769 1653 946 1730 agitantem,
963 1659 1004 1724 et,
1019 1657 1055 1709 ut
1063 1651 1105 1709 ita
1119 1649 1235 1722 dicam,

231 1767 381 1824 sagacem,
394 1769 473 1827 quae
487 1731 518 1807 et
528 1769 635 1811 causas
649 1757 750 1807 rerum
767 1756 798 1806 et
812 1747 1046 1807 consecutiones
1070 1745 1187 1820 videat,
1205 1753 1238 1806 et

231 1844 447 1904 similitudines
478 1846 653 1914 transferat,
680 1853 710 1904 el
725 1845 881 1924 disjuncta
903 1845 1082 1925 conjungat,
1108 1851 1237 1902 etcum

230 1942 443 2020 praesentibus
458 1942 561 2000 lutura
577 1942 702 2022 copulet
717 1963 900 2023 omnemque
915 1941 1139 2020 complectatur
1159 1941 1236 1999 vitae
1331 1955 1332 1976 ¹

143 2072 147 2081 ·
229 2039 446 2117 consequentis
460 2046 587 2112 statum.
599 2039 774 2118 Eademque
788 2039 866 2097 ratio
879 2038 953 2097 lecit
964 2037 1118 2096 hominem
1131 2037 1237 2096 homi-

230 2155 303 2193 num
328 2143 534 2215 appetentem,
556 2157 688 2214 cumque
713 2136 750 2193 iis
775 2143 883 2195 natura
905 2143 936 2194 et
962 2155 1101 2194 sermone
1121 2142 1153 2192 et
1175 2155 1235 2193 usu

229 2241 461 2309 congruentem,
490 2240 525 2291 ut
550 2219 710 2313 profectus
736 2253 752 2290 a
777 2232 905 2291 caritate
931 2231 1170 2314 domesticorum
1197 2251 1235 2289 ac

228 2337 355 2387 suorum
372 2335 481 2407 ¹serpat
513 2311 633 2409 longius
661 2337 744 2388 etse
771 2329 909 2408 implicet
939 2328 1072 2408 primum
1101 2328 1232 2400 civium,

228 2423 338 2487 deinde
358 2426 495 2510 omnium
512 2410 688 2488 mortalium
705 2426 861 2497 societate,
886 2419 1040 2508 atque,‘ut
1055 2424 1093 2482 ad
1111 2424 1234 2504 Archy-

227 2528 290 2580 tam
317 2522 439 2601 scripsit
468 2522 568 2595 Plato,
599 2543 660 2581 non
685 2522 742 2580 sibi
771 2540 802 2582 se
825 2520 882 2580 soli
908 2529 1015 2580 natum
1041 2521 1248 2596 meminerit,⁸

227 2617 280 2677 sed
296 2618 423 2700 patriae,
448 2619 500 2677 sed
521 2619 595 2694 suis,
615 2627 650 2678 ut
669 2619 835 2700 perexigua
861 2639 930 2699 pars
950 2619 1008 2699 ipsi
1023 2617 1229 2696 relinquatur.

227 2715 266 2774 Et
293 2715 438 2798 quoniam
457 2715 562 2774 e'adem
587 2724 695 2775 natura
720 2716 920 2796 cupiditatem
945 2699 1086 2793 ingenuil
1110 2713 1232 2772 homini

176 2865 184 2873 i
225 2813 290 2870 veri
317 2813 455 2887 videndi,
486 2813 569 2894 quod
598 2813 743 2872 facillime
775 2821 902 2892 apparet
931 2833 1000 2871 cum
1032 2811 1121 2872 vacui
1146 2812 1232 2870 curis

225 2909 317 2968 etiam
340 2909 413 2992 quid
432 2910 468 2968 in·
487 2909 572 2968 caelo
591 2910 648 2970 [iat
666 2911 744 2968 scire
765 2930 900 2981 avemuS,
921 2909 968 2967 his
989 2909 1086 2968 initiis
1108 2907 1231 2992 inducti

225 3006 330 3065 omnia
357 3026 429 3064 vera
456 3006 620 3084 diligimuS,
651 3007 682 3076 id
717 3013 763 3065 est
794 3006 906 3078 fidelia,
943 3005 1103 3086 simplicia,
1138 2990 1242 3064 cons-⁵

224 3103 331 3175 tantia,
358 3110 424 3161 tum
452 3124 542 3175 vana,
573 3103 658 3175 salsa,
685 3103 820 3161 fallentia
851 3103 983 3175 odimus,
1016 3111 1049 3160 ut
1073 3102 1227 3174 fraudem,

224 3199 405 3279 perjurium,
437 3199 596 3272 malitiam,
634 3200 789 3280 injuriam.
822 3200 935 3258 Eadem
965 3199 1044 3258 ratio
1074 3199 1165 3258 habet
1196 3199 1230 3258 in

224 3317 256 3355 se
277 3296 423 3376 quiddam
449 3297 583 3376 amplum
604 3304 696 3376 atque
716 3297 922 3375 magnificum,
948 3297 986 3355 ad
1012 3294 1230 3375 imperandum

223 3394 320 3470 magis
336 3414 428 3473 quam
444 3393 481 3454 ad
497 3393 669 3474 parendum
682 3393 959 3465 accommodatum,
976 3393 1079 3452 omnia
1091 3391 1229 3454 humana

223 3510 284 3548 non
309 3489 481 3548 tolerabilia
514 3490 625 3562 solum,
653 3491 706 3548 sed
734 3491 825 3550 etiam
861 3491 940 3550 levia
974 3490 1100 3562 ducem,
1128 3487 1230 3549 allum

223 3586 369 3666 quiddam
383 3595 414 3646 et
428 3586 594 3660 excelsum,
611 3587 690 3644 nihil
702 3587 826 3667 timenS,
840 3586 954 3645 nemini
969 3585 1093 3659 cedens,
1105 3583 1231 3664 semper

222 3681 383 3742 invictum.

645 3869 801 3924 -318-
