2656 4258
602 161 687 198 nnorr
708 152 792 198 rnrvit

177 269 374 352 ⁴velit.heres
390 255 477 355 esse,
489 271 615 331 debebit
633 271 713 330 intra
739 271 822 330 diem
848 270 993 330 cretionis
1012 291 1149 342 cernere,
1166 270 1197 328 id

189 369 243 428 'est
262 355 442 427 haec'verba
466 368 591 429 dicere:
618 367 740 435 «Quod
762 388 810 426 me
835 367 963 426 Publius
983 367 1083 427 Titius
1103 374 1199 427 testa-

195 471 300 524 mento
317 485 373 524 suo
395 463 538 524 heredem
555 465 701 538 instituit,
721 484 787 523 eam
815 464 1017 524 hereditatem
1041 463 1117 524 adeo
1131 483 1199 522 cer-

182 581 308 640 noque.
324 584 339 616 r
356 560 479 628 Quodsi
494 561 537 621 ita
548 582 610 620 non
626 560 770 634 creverit,
784 561 1022 640 linitotempore
1038 559 1197 631 cretionis,

183 657 385 731 excluditur,
407 658 643 736 necquidquam
656 657 789 737 proficit,
807 657 831 716 si
849 677 906 736 pro
921 657 1033 716 herede
1053 662 1149 735 gerat,
1167 655 1199 714 id

196 759 243 812 est
254 753 279 813 si
293 753 385 812 rebus
404 753 596 813 hereditariis
614 760 772 834 tamquam
791 753 880 813 heres
899 761 1016 814 utatur.
1033 755 1075 813 At
1090 752 1121 812 is.
1144 752 1201 833 qui

196 849 261 908 sine
274 850 411 909 cretione
426 851 514 910 heres
525 850 686 910 institutus
701 851 752 924 sit,
769 857 824 910 aut
837 851 890 931 qui
907 851 946 910 ab
961 851 1109 910 intestato
1125 849 1203 928 legi-

196 947 272 1006 timo
280 947 349 1027 jure
359 947 398 1006 ad
411 947 611 1006 hereditatem
628 953 767 1022 vocatur,
781 953 949 1027 potestant
964 945 1129 1021 cernend0‚
1145 952 1204 1006 aut

186 1063 253 1122 ,pro
267 1043 380 1102 herede
396 1044 540 1122 gerend0,
557 1043 606 1102 vel
617 1043 708 1104 etiam
724 1044 806 1102 nuda
821 1042 981 1102 voluntate
994 1042 1203 1122 suscipiendae

185 1139 376 1214 ,hereditatis
388 1140 477 1199 heres
490 1140 571 1215 fieri,
588 1140 677 1219 eique
697 1139 826 1198 liberum
839 1145 895 1214 est,
912 1159 1108 1218 quocumque
1121 1146 1203 1198 tem-

196 1255 271 1316 pore
284 1236 427 1310 voluerit,
444 1236 530 1296 adire
547 1237 758 1297 hereditatem.
773 1234 859 1294 Solet
872 1242 998 1316 praetor,
1015 1235 1203 1315 postulanti-

196 1331 254 1392 bus
284 1331 477 1392 hereditariis
508 1331 724 1405 creditoribuS,
750 1339 872 1412 tempus
902 1332 1089 1392 const'tuere
1118 1331 1204 1390 intra

187 1429 291 1508 quod,
309 1429 334 1486 si
347 1427 433 1504 velit,
449 1429 539 1489 adeat
552 1429 769 1504 hereditatem;
787 1429 937 1504 siminus,
954 1437 991 1488 ut
999 1428 1091 1489 liceat
1104 1427 1204 1488 credi-

187 1524 317 1598 toribus
331 1525 413 1584 bona
428 1525 566 1584 defuncti
579 1525 724 1586 vendere.

188 1709 283 1777 ¹193.
295 1709 326 1766 11
341 1711 400 1766 est
416 1708 668 1768 deshonorent
680 1710 725 1766 de
736 1711 875 1767 vendre
888 1675 955 1768 son
968 1692 1203 1780 patrimolne.

295 1890 297 1893 Ι
338 1803 450 1884 (Quam
479 1812 568 1887 turpe
593 1805 634 1865 sit
651 1812 786 1888 paterna
808 1803 891 1866 bona
910 1804 1063 1884 vendere.)

131 1929 172 2001 3?
191 1980 194 1987 -
239 1935 405 1996 Pecuniam
418 1936 442 1996 si
459 1936 591 2016 cuipiam
614 1937 738 1996 fortuna
751 1936 876 2010 ademit,
895 1943 950 1995 aut
964 1936 988 1994 si
1003 1935 1136 2017 alicujus
1146 1936 1209 1994 eri-

191 2033 268 2114 'puit
288 2033 412 2112 injuria,
437 2040 552 2107 tamen,
579 2033 652 2092 dum
677 2033 863 2092 existimatio
888 2039 933 2092 est
960 2031 1091 2111 integra,
1112 2032 1207 2092 facile

193 2130 377 2190 consolatur
405 2128 742 2208 honestasegestatem.
764 2129 861 2208 Cujus
892 2150 964 2188 vero
989 2129 1069 2188 bona
1098 2129 1206 2188 venie-

191 2233 281 2298 runt,
299 2226 389 2306 cujus
405 2246 467 2284 non
480 2226 572 2284 modo
591 2226 652 2284 illae
669 2226 865 2306 amplissimae
880 2225 1024 2299 fortunae,
1042 2225 1207 2284 sedetiam

201 2323 303 2382 victus
317 2321 510 2400 vestitusque
529 2323 718 2382 necessarius
733 2323 790 2381 sub
808 2343 950 2402 praecone
967 2343 1037 2382 cum
1053 2321 1209 2382 dedecore

192 2418 358 2499 subjectus
375 2425 432 2490 est,
449 2418 475 2476 is
497 2438 560 2476 non
578 2419 670 2477 modo
693 2440 730 2478 ex
744 2439 873 2478 numero
895 2419 1038 2478 vivorum
1059 2417 1209 2476 exturba-

195 2523 262 2588 tur,
278 2515 341 2587 sed,
361 2515 386 2573 si
407 2514 473 2572 fieri
492 2521 606 2594 potest,
633 2515 714 2575 infra
736 2516 827 2575 etiam
845 2523 984 2575 mortuos
1007 2514 1206 2574 amandatur.

200 2610 322 2671 Etenim
335 2631 417 2670 mors
430 2611 558 2670 honesta
574 2633 654 2692 saepe
667 2613 762 2672 vitam
776 2632 899 2692 quoque
916 2619 1037 2691 turpem
1054 2619 1206 2670 exornat:

199 2708 263 2766 vita
280 2708 381 2785 turpis
405 2728 444 2766 ne
472 2708 564 2768 morti
591 2709 713 2789 quidem
745 2709 882 2768 honestae
910 2708 1012 2767 locum
1041 2707 1205 2786 relinquit.

196 2805 293 2882 Ergo,
316 2803 451 2879 hercule,
470 2805 559 2885 cujus
584 2806 662 2864 bona
688 2825 724 2863 ex
752 2804 853 2864 edicto
879 2805 1088 2884 possidentur,
1108 2803 1209 2883 hujus

199 2901 299 2959 omnis
321 2901 402 2959 lama
417 2907 448 2960 et
469 2902 655 2961 existimatio
677 2921 747 2960 cum
770 2901 859 2960 honis
883 2901 974 2960 simul
998 2900 1205 2980 possidetur:

198 2997 236 3056 de
251 3018 312 3077 quo
326 2996 420 3055 libelli
440 2996 472 3056 in
486 2997 692 3058 celeberrimis
715 2997 790 3057 locis
818 3004 1045 3078 proponuntur,
1074 2996 1145 3055 huic
1165 3018 1209 3057 ne

136 3075 155 3112 Ι·
199 3095 300 3173 perire
319 3093 442 3173 quidem
474 3100 557 3153 certe
576 3094 670 3154 tacite
697 3094 888 3174 obscureque
918 3093 1123 3154 conceditur:
1149 3095 1207 3152 cui

197 3190 337 3267 magistri
353 3190 433 3249 fiunt
447 3196 478 3249 et
489 3190 605 3250 domini
616 3191 918 3271 constituuntur‚qui
936 3211 996 3271 qua
1014 3190 1079 3268 lege
1095 3195 1125 3248 et
1141 3211 1208 3270 qua

198 3285 382 3345 condicione
407 3294 513 3367 pereat
530 3288 750 3368 pronuntient;
766 3287 804 3344 de
821 3307 883 3366 quo
904 3287 1029 3346 homine
1052 3288 1211 3365 praeconis

198 3403 259 3440 vox
275 3383 424 3462 praedicat
439 3391 470 3444 et
488 3384 621 3464 pretium
638 3384 775 3457 conficit,
797 3382 870 3443 huic
883 3384 1112 3442 acerbissimum
1129 3381 1211 3443 vivo

199 3472 380 3560 'videntique
406 3481 498 3540 lunus
515 3481 656 3554 ducitur;
680 3481 705 3538 si
718 3481 811 3538 sunus
833 3479 864 3540 id
884 3480 1060 3539 habendum
1075 3479 1125 3552 sit,
1140 3500 1211 3558 quo

199 3597 262 3635 non
282 3577 373 3637 amiei
395 3576 589 3637 conveniunt
611 3575 648 3635 ad
680 3576 840 3655 exsequias
865 3575 1122 3650 cohonestandas,
1148 3579 1210 3637 sed

199 3667 352 3732 bonorum
368 3681 532 3753 emptoreS,
553 3679 588 3732 ut
607 3672 775 3746 carnifices,
790 3672 828 3731 ad
854 3673 999 3754 reliquias
1026 3672 1098 3732 vite
1123 3671 1210 3736 lace-

198 3771 311 3828 rar'idas
326 3777 357 3829 et
372 3769 595 3831 distrahendas,

624 3840 781 3928 -434-
