2682 4258
260 273 263 281 .
350 193 435 250 453.
455 196 509 250 Ne
528 194 632 251 nuire
655 195 679 252 a
698 207 888 264 personne.

477 288 619 368 (Nemini
639 292 770 372 noceas.)

165 453 282 516 Invitat
296 456 391 533 igitur
405 477 477 517 vera
490 458 568 516 ratio
586 458 662 517 bene
673 479 762 518 sanos
782 457 821 517 ad
834 457 998 538 justitiam,
1025 456 1119 537 aequi·
1148 455 1187 519 2‘

125 557 231 626 tatem,
248 552 351 616 fidem.
368 554 474 634 Neque
490 555 606 614 homini
627 555 736 614 infanti
752 563 806 614 aut
829 555 990 635 impotenti
1007 555 1120 634 injuste

125 645 207 707 lacta
223 650 412 723 conducunt,
436 651 487 731 qui
510 672 566 710 nec
578 651 666 710 facile
684 653 801 710 efficere
817 653 914 731 possit
929 651 1011 728 quod
1029 670 1120 710 cone·

124 751 185 817 tur,
216 767 272 805 nec
297 747 447 822 obtinere,
471 749 495 805 si
524 749 668 822 effecerit,
689 755 719 806 et
743 770 816 828 opes
839 747 887 807 vel
910 747 1121 818 lortunae,‘vel

124 841 251 917 ingenii,
278 843 452 903 liberalitati
471 845 567 922 magis
584 845 798 905 conveniunt:
823 866 882 926 qua
902 845 954 925 qui
978 850 1118 916 utuntur,

123 937 364 999 benivolentiam
382 941 440 999 sibi
456 941 632 1016 conciliant,
649 950 689 1013 et,
709 941 791 1020 quod
813 941 1005 1021 aptissimum
1021 948 1067 999 est
1082 942 1118 999 ad

122 1034 226 1113 quiete
237 1037 416 1106 vivendum,
431 1038 588 1096 caritatem
602 1057 609 1112 ;
624 1039 793 1117 praesertim
809 1059 879 1097 cum
895 1038 1021 1097 omnino
1037 1036 1120 1097 nulla

122 1130 163 1189 sit
175 1152 264 1190 causa
276 1134 435 1212 peccandi.
450 1134 524 1201 Quae
537 1135 617 1194 enirn
631 1135 814 1214 cupiditates
828 1156 844 1193 a
860 1141 968 1194 natura
982 1133 1120 1214 proficis-

122 1235 250 1300 cuntur,
280 1230 370 1288 facile
399 1231 562 1310 explentur
586 1231 651 1289 sine
674 1231 734 1290 ulla
765 1232 895 1312 injuria·;
925 1251 994 1312 quae
1017 1236 1119 1288 autem

121 1323 229 1383 inanes
245 1332 327 1397 su'nt,
345 1326 392 1384 his
405 1328 574 1406 parendum
589 1348 649 1388 non
675 1336 730 1388 est.
762 1314 843 1386 Nihil
865 1327 946 1386 enim
970 1325 1121 1385 desidera-

122 1419 184 1478 bile
202 1423 435 1502 concupiscunt,
452 1424 582 1504 plusque
602 1425 632 1482 in
655 1426 719 1503 ipsa
738 1425 850 1505 injuria
867 1422 1042 1483 detrimenti
1062 1428 1118 1493 est,

121 1537 214 1596 quam
244 1519 275 1577 in
303 1519 342 1578 iis
365 1521 455 1579 rebus
479 1520 688 1593 emolumenti,
717 1542 785 1600 quae
809 1521 972 1600 pariuntur
995 1519 1118 1600 injuria.

123 1612 233 1693 ltaque
262 1636 300 1675 ne
322 1616 473 1696 justitiam
499 1615 623 1697 quider'n
655 1626 736 1676 recte
774 1617 842 1697 quis
869 1614 981 1676 dixerit
1007 1636 1061 1696 per
1088 1635 1120 1674 se
1173 1643 1178 1690 j

120 1709 221 1789 ipsam
240 1713 417 1792 optabilem,
433 1715 484 1772 sed
499 1715 568 1794 quia
582 1714 786 1794 jucunditatis
803 1713 851 1772 vel
869 1713 1034 1792 plurimum
1049 1713 1121 1771 alle·

120 1814 179 1866 rat.
199 1809 276 1868 Nam
290 1803 376 1887 diligi
401 1818 431 1870 et
452 1832 556 1870 carum
581 1832 657 1883 esse,
679 1810 852 1890 jucundum
876 1819 933 1882 est,
957 1817 1120 1890 propterea

117 1903 194 1983 quia
221 1907 367 1965 tutiorem
403 1909 499 1967 vitam
535 1915 566 1966 et
599 1907 789 1986 voluptatem
813 1907 905 1965 efficit
939 1906 1119 1986 pleniorem.

120 2000 229 2080 ltaque
243 2023 306 2060 non
323 2003 362 2062 ob
377 2025 411 2063 ea
423 2005 521 2063 solum
537 2004 741 2072 incommoda,
759 2023 827 2082 quae
843 2004 991 2062 eveniunt
1006 2003 1121 2080 impro-

118 2097 179 2173 bis,
206 2098 383 2177 fugiendam
405 2101 633 2180 improbitatem
657 2109 811 2179 putamus,
833 2099 885 2158 sed
908 2090 1005 2158 multo
1028 2098 1119 2156 etiam

118 2205 230 2282 magis,
246 2190 328 2283 quod
342 2206 431 2286 cujus
443 2206 474 2265 in
491 2207 594 2266 animo
609 2214 758 2279 versatur,
776 2225 943 2285 numquam
965 2204 1038 2262 sinit
1049 2224 1118 2262 eum

123 2302 291 2380 respirare,
309 2323 475 2383 numquam
492 2303 696 2382 acquiescere.

147 2540 232 2597 454.
252 2539 282 2597 11
300 2554 345 2597 ne
366 2539 448 2598 faut
467 2555 537 2612 pas
556 2544 689 2598 rendre
708 2542 742 2598 le
761 2541 835 2598 mal
853 2554 947 2610 pour
963 2541 998 2596 le
1016 2539 1100 2596 mal.

346 2646 406 2726 (Ne
426 2645 562 2728 injuriae
585 2645 714 2727 injuriis
736 2647 901 2729 repenses.)

161 2795 243 2866 Non,
259 2796 336 2855 utin
353 2796 509 2855 beneficiis
520 2796 682 2855 honestum
696 2802 742 2854 est
756 2795 864 2854 merita
881 2795 997 2854 meritis
1012 2815 1120 2874 repen·
1147 2793 1187 2856 2⁶

120 2881 200 2954 sare.
213 2893 255 2950 ita
269 2893 397 2972 injurias
414 2893 544 2973 injuriis.
561 2892 626 2950 lllie
639 2893 721 2951 vinci
737 2900 827 2971 turpe
844 2899 909 2963 est3
925 2892 974 2950 hic
983 2891 1117 2949 vincere.

123 2988 329 3047 lnhumnnum
351 2991 479 3048 verbum
493 2996 549 3058 est,
572 2988 746 3068 etquidem
768 3009 824 3067 pro
840 2989 923 3068 justa
947 2994 1106 3067 receptum

123 3071 265 3130 ultione«
284 3071 358 3128 talio
373 3090 406 3143 »3
422 3092 482 3129 non
497 3072 627 3130 multum
644 3075 746 3133 dillert
762 3075 819 3133 nisi
834 3075 953 3149 ordine,
972 3079 1026 3156 qui
1039 3079 1129 3138 dolo-

119 3188 185 3226 rem
215 3167 330 3246 regerit
358 3186 364 3228 :
399 3175 518 3226 tantum
549 3171 724 3228 excusatius
756 3178 873 3250 peccat.
903 3171 947 3232 M.
978 3173 1127 3234 Catonem

121 3256 151 3314 in
180 3257 290 3316 balneo
313 3261 435 3339 quidam
463 3264 614 3341 percussit
641 3265 830 3345 imprudens.
864 3268 937 3336 Quis
966 3269 1047 3328 enim
1076 3271 1120 3331 illi

119 3353 221 3439 sciens
242 3354 356 3415 laceret
375 3358 541 3438 injuriam?
561 3361 669 3419 Postea
688 3363 887 3423 satisfacienti
905 3365 981 3424 Cato
996 3384 1003 3426 t
1020 3392 1034 3421 α
1049 3368 1120 3427 Non

120 3451 247 3522 nemini,
281 3452 392 3532 inquit,
427 3461 605 3534 percussum
630 3479 717 3516 me.»
755 3460 865 3518 Melius
895 3463 1017 3540 putavit
1058 3485 1120 3523 non

118 3567 296 3623 agnoscere,
310 3570 400 3629 quam
414 3551 581 3613 vindicare.
598 3578 611 3608 «
626 3554 720 3627 Nihil,
732 3556 844 3635 inquis,
856 3557 912 3630 illi,
923 3567 992 3637 post
1002 3567 1118 3620 tantam

117 3643 334 3722 petulantiam,
363 3648 433 3706 mali
459 3649 573 3710 lactum
597 3653 694 3710 est?»
726 3653 822 3711 lmmo
857 3655 988 3714 multum
1021 3657 1116 3730 boni;

115 3741 213 3818 coepit
238 3740 387 3801 Catonem
418 3766 517 3805 nosse.
543 3747 649 3825 Magni
676 3749 768 3808 animi
791 3757 837 3808 est
867 3749 995 3832 injurias
1018 3753 1119 3833 despi-

538 3925 695 3976 -329-
