2670 4252
487 187 684 224 msrnucrmn,
707 199 746 210 -
767 170 926 224 usurarios

246 272 334 328 Anne
355 278 386 329 et
407 270 503 328 divini
526 270 605 329 hona
627 270 777 329 naturalia
799 269 872 329 doni

286 365 463 446 Adjiciam?
484 367 611 426 memori
634 388 724 448 quam
746 367 840 426 fueris
862 367 993 428 animo?

247 462 362 522 Audita
384 471 429 537 ut,
453 464 501 523 vel
523 464 601 523 lecta
623 464 728 537 semel,
751 485 807 523 ceu
829 464 886 521 fixa
911 471 1043 538 teneres,
1094 503 1096 508 ·

259 568 262 574 '
286 560 422 620 Auribus
443 568 474 620 et
494 561 581 620 libris
602 569 682 620 essct
703 569 738 620 ut
760 581 820 638 una
842 561 940 619 fides?

243 655 341 714 ¹Nullo
363 657 432 716 lelle
453 658 510 717 tibi
532 678 618 716 mens
640 658 733 716 livida
759 676 765 720 :
790 666 856 716 tum
880 657 942 716 sale
965 655 1064 716 multo

288 753 403 831 Lingua
426 755 526 826 dicax,
550 755 672 814 blandis
694 762 725 814 ot
746 754 811 813 sine
833 754 886 813 lite
906 753 997 834 jocis,

248 848 439 931 Quamquam
460 851 582 911 heredis
597 872 700 929 egens,
718 851 764 910 bis
780 871 832 910 sex
847 849 1057 931 quinquennia
1072 849 1211 920 functus,

289 947 394 1006 Fletus
416 969 447 1007 es
469 970 485 1008 a
508 949 607 1020 nobie,
631 957 666 1007 ut
688 956 827 1028 pateret
844 947 979 1027 juvenis,

249 1043 287 1102 Et
308 1065 402 1119 nunc,
425 1046 489 1104 sive
511 1045 627 1124 aliquid
650 1046 804 1125 postlata
825 1052 960 1104 extrema
984 1043 1128 1124 supersit,

289 1140 375 1200 Vivis
397 1141 508 1215 adhuc,
532 1142 590 1200 aevi
613 1142 696 1222 quod
718 1143 810 1222 periit
831 1145 1017 1214 meminens;

247 1237 318 1296 Sive
340 1238 417 1297 nihil
439 1246 590 1318 superest,
614 1259 670 1298 nec
692 1240 807 1298 hahent
827 1239 916 1316 longa
940 1239 1002 1296 otia
1024 1257 1141 1309 sensae,

287 1335 333 1393 Tu
355 1335 410 1393 tibi
433 1334 538 1394 vixisti
561 1355 568 1396 1
592 1357 647 1394 nos
670 1343 722 1396 tua
745 1337 822 1394 lama
842 1335 942 1415 juvat.

273 1572 332 1629 64.
354 1574 411 1631 Un
435 1572 537 1632 e'leve
563 1575 852 1632 reconnaissent
876 1575 901 1632 a
925 1588 992 1632 son
1009 1573 1156 1631 mettre.

342 1695 470 1775 (Gratus
492 1695 669 1779 disciputus
692 1696 843 1779 aaapistro
865 1718 920 1756 suo
943 1694 1079 1776 scribit.)

145 1899 192 1955 ph,
211 1881 326 1939 Secreli
348 1881 505 1962 loquimur
528 1901 535 1943 :
560 1882 614 1940 tibi
637 1903 730 1953 nrrnc,
754 1882 897 1941 hortante
921 1882 1067 1952 Camena,

211 1977 402 2037 Excutienda
423 1979 531 2038 damus
552 1979 734 2058 praecordia‚
758 1987 935 2058 quantaque
957 1986 1072 2036 nostrae

211 2076 283 2135 Pars
305 2084 357 2133 tua
380 2076 429 2146 sit,
454 2076 601 2146 Cornule‚
627 2076 747 2147 animm,
772 2075 839 2149 tibi,
864 2075 961 2134 dulcis
984 2075 1091 2146 amice,

210 2173 387 2231 Ostendisse
405 2172 507 2251 juvat.
532 2173 634 2243 Pulsa,
660 2173 840 2250 dignoscere
863 2180 970 2231 cautus

210 2269 290 2336 Quid
313 2268 446 2327 solidum
468 2277 573 2349 crepet
594 2277 625 2328 et
646 2271 738 2349 pictae
760 2270 889 2328 tectoria
913 2269 1040 2345 lingue.

211 2365 346 2441 Hisego
368 2373 511 2425 centenas
534 2368 630 2424 ausim
654 2367 818 2446 deposcere
841 2387 943 2439 voces,

211 2463 253 2521 Ut
275 2469 423 2540 quantum
446 2462 521 2520 mihi
543 2471 572 2522 te
595 2466 720 2522 sinuoso
743 2464 774 2521 in
798 2471 922 2542 pectore
946 2461 997 2521 fixi

210 2560 293 2617 Voce
315 2558 434 2617 traham
457 2581 544 2639 pura,
567 2568 729 2640 totumque
752 2561 810 2619 hoc
831 2560 925 2619 verba
948 2560 1106 2638 resignent

210 2655 299 2723 Quod
321 2656 395 2715 latet
416 2677 526 2715 arcana
548 2679 609 2715 non
632 2658 802 2716 enarrabile
824 2657 912 2717 fibra.

211 2754 288 2813 Cum
312 2753 444 2832 primum
467 2754 579 2832 pavido
602 2763 705 2813 custos
727 2754 802 2811 mihi
824 2776 961 2833 purpura
985 2754 1088 2826 cessit,

164 2841 166 2848 ¹
212 2851 361 2928 Bullaque
383 2837 548 2908 succinctis
571 2851 698 2909 Laribus
721 2851 832 2909 donata
857 2851 1024 2930 pependit;

211 2949 289 3006 Cum
312 2946 415 3005 blandi
438 2947 566 3006 comites
590 2955 714 3028 totaque
737 2947 863 3027 impune
885 2948 1006 3006 Subura

212 3043 355 3102 Permisit
376 3045 521 3123 sparsisse
543 3045 649 3102 oculos
667 3045 731 3124 jam
754 3044 906 3103 candidus
930 3045 1046 3117 umb0;

211 3141 351 3219 Cumque
373 3141 431 3198 iter
453 3141 630 3218 ambiguum
654 3150 709 3213 est,
734 3149 765 3200 et
787 3141 859 3199 vitae
882 3141 1003 3200 nescius
1026 3161 1113 3199 error

213 3237 339 3296 Diducit
360 3238 494 3316 trepidas
517 3258 637 3296 ramosa
679 3239 710 3295 in
733 3239 866 3317 compita
891 3245 1021 3311 mentes

211 3335 262 3392 Mc
284 3334 339 3392 tibi
362 3334 533 3412 supposni;
558 3342 680 3393 teneros
705 3343 737 3393 tu
759 3335 889 3413 suscipis
912 3355 1009 3394 annos

211 3431 380 3503 Socratico,
403 3432 553 3505 Comme,
579 3432 659 3491 sinu.
684 3432 781 3503 Tunc,
806 3432 912 3489 fallere
934 3431 1052 3504 sollers,

212 3527 363 3607 Apposita
383 3527 516 3586 intortos
537 3528 677 3586 extendit
698 3529 803 3606 regula
826 3549 937 3602 mores,

213 3625 251 3682 Et
272 3624 422 3703 premitur
443 3624 562 3683 ratione
585 3626 716 3697 animus,
737 3626 882 3705 vincique
900 3626 1030 3699 laborat,

212 3721 431 3799 Artificemque
454 3727 508 3778 tuo
530 3720 618 3780 ducit
638 3722 695 3780 sub
717 3722 828 3802 pollice
850 3723 983 3782 vultum.

644 3899 783 3949 ..44-
