2670 4252
489 222 688 260 lss'rut'c‘rlon.
709 234 749 246 -·
770 215 929 258 EuucAttox

160 377 162 386 ,
208 330 332 409 penitus
344 330 513 390 virtutibus
528 332 564 390 ad
579 332 712 412 primum
726 353 757 390 se
770 331 855 390 velut
869 332 1047 411 adspectum
1061 331 1212 390 orationis

208 434 372 507 aptarunt3
398 435 430 486 et
453 448 522 486 cum
545 428 582 485 iis
602 427 777 487 felicissime
796 429 887 487 cessit
909 428 1042 487 imitatio
1061 474 1068 498 ,
1105 428 1212 486 verbis

207 529 299 602 atque
322 524 457 582 numeris
477 531 550 583 sunt
570 545 632 582 non
650 525 780 583 multum
800 524 986 596 differentes
1007 525 1069 583 vim
1087 523 1211 583 dicendi

207 625 298 696 atquc
322 618 512 679 inventionis
532 642 594 679 non
614 629 831 701 assequuntur,
853 621 904 680 sed
920 621 1103 701 plerumque
1116 621 1212 680 decli·

206 723 282 772 nant
296 714 431 795 iupejus
454 724 484 775 et
497 717 637 796 proxima
654 717 821 776 virtutibus
845 719 918 776 vitia
943 715 1213 797 comprehendunt

206 811 346 890 fiuntque
374 832 431 890 pro
457 812 625 890 grandibus
646 813 767 884 tumidi,
796 814 908 892 pressis
931 814 1036 886 exiles,
1061 813 1213 894 simplici-

205 897 262 966 b'us
291 908 498 986 neglegentes.
535 910 612 968 Tum
646 911 692 980 in*
711 909 908 989 suscipiendo
942 931 1035 969 onere
1066 911 1235 971 consulat.

205 1004 336 1083 quisque
359 1025 428 1062 suas
443 1006 535 1064 vires
549 997 630 1064 ‘Nam
646 1006 795 1085 quaedam
812 1014 884 1065 sunt
906 1006 1080 1079 imitabilia,
1095 1005 1213 1086 quibus

204 1107 258 1159 aut
283 1099 446 1159 infirmitas
470 1109 597 1160 naturae
619 1123 681 1160 non
706 1103 910 1174 sul'ficiat,aut
931 1102 1094 1162 diversitas
1119 1124 1213 1183 repu-

202 1204 288 1273 gnet.
310 1196 343 1254 ld
364 1218 487 1276 quoque
501 1198 671 1272 vitandum,
687 1199 718 1256 in
734 1219 795 1278 quo
824 1219 934 1276 magna
958 1220 1028 1278 pars
1052 1206 1145 1271 errat,
1172 1221 1212 1258 ne

203 1293 234 1350 in
262 1293 401 1352 oratione
424 1301 532 1374 poetas
558 1295 647 1352 nobis
675 1302 705 1352 ct
729 1295 903 1365 historicos
925 1295 1035 1353 inillis
1061 1297 1213 1375 operibus

203 1396 341 1470 oratores
358 1397 411 1448 aut
423 1390 644 1449 declamatores
664 1391 830 1450 imitandos
845 1399 998 1471 putemus,
1016 1393 1077 1451 Sua
1095 1393 1213 1473 cuique

203 1485 362 1563 proposita
383 1484 443 1556 lex,
474 1507 546 1546 suus
568 1487 679 1567 cuique
694 1487 787 1546 decor
800 1496 856 1548 est.

448 1698 505 1756 58.
521 1683 728 1756 saducation
741 1700 785 1754 de
797 1699 964 1756 l’enfant.

426 1801 599 1881 (Quomodo
621 1801 801 1862 educandus
822 1802 862 1861 sit
873 1803 980 1884 puer.)

135 1942 175 2004 3Θ
243 1932 293 1992 Sic
314 1932 396 1992 inter
420 1940 585 2013 utrumque
605 1955 681 2012 puer
697 1934 849 2016 regendus
868 1942 924 2006 cst,
944 1941 979 1992 ut
1000 1936 1094 1993 modo
1109 1936 1212 1996 frenis

202 2036 337 2102 utamur,
354 2030 446 2089 modo
457 2030 588 2089 stimulis
602 2049 608 2090 :
623 2030 700 2089 nihil
712 2030 836 2102 humile,
849 2031 925 2088 nibil
936 2031 1046 2089 servile
1058 2032 1209 2110 patiatur.

202 2125 378 2206 Numquam
404 2126 447 2183 illi
464 2147 587 2183 necesse
610 2127 649 2184 sit
673 2147 781 2203 rogare
806 2126 997 2205 suppliciter,
1023 2148 1081 2186 nee
1108 2130 1212 2206 prosit

201 2242 345 2300 rogasse:
364 2222 468 2301 potius
488 2242 588 2280 causae
604 2243 678 2295 suae,
698 2231 728 2280 et
742 2222 893 2300 prioribus
905 2223 1004 2293 lactiS,
1020 2231 1050 2281 et
1063 2222 1155 2282 bonis
1175 2225 1209 2284 in

201 2318 339 2376 futurum
352 2318 511 2396 promissis
526 2316 669 2376 donetur.
686 2319 720 2376 In
734 2319 952 2376 certaminibus
966 2321 1134 2398 aequalium
1150 2342 1212 2381 nec

201 2414 284 2472 vinci
305 2412 392 2472 illum
412 2413 576 2493 patiamur,
593 2435 649 2472 nec
666 2414 773 2484 irasci,
794 2414 901 2471 demus
914 2411 1039 2492 operam
1062 2423 1097 2474 ut
1115 2416 1211 2475 lami-

201 2509 284 2568 liaris
307 2510 347 2568 sit
368 2509 415 2567 bis
442 2530 512 2581 cum
539 2509 651 2590 quibus
675 2509 859 2568 contendere
881 2509 969 2583 solet,
996 2519 1031 2569 ut
1053 2511 1084 2569 in
1109 2522 1211 2572 certa-

201 2606 283 2664 mine
309 2612 464 2664 assuescat
487 2626 548 2663 non
573 2625 683 2663 nocere
712 2603 800 2676 velle,
824 2604 875 2661 sed
907 2605 1043 2665 vincere.
1075 2606 1210 2673 Quoties

201 2703 395 2781 superaverit
413 2710 444 2759 et
463 2702 589 2780 dignum
612 2700 728 2779 aliquid
748 2699 836 2758 laude
858 2700 978 2773 feccrit,
1007 2703 1119 2778 attolli,
1142 2726 1208 2763 nou

172 2789 176 2796 ’
200 2799 313 2876 gestire
326 2799 480 2878 patiamur
494 2816 500 2856 ε
518 2797 663 2874 gaudium
677 2795 757 2853 enim
771 2796 945 2868 exsultatio,
964 2800 1208 2859 exsultationem

200 2903 303 2954 tumor
322 2902 353 2952 et
370 2894 464 2951 nimia
485 2893 648 2950 aestimatio
668 2891 715 2949 sui
735 2892 883 2970 sequitur.
907 2893 1056 2951 Dabimus
1077 2895 1208 2976 aliquod

200 2993 425 3064 laxamentum;
440 2989 471 3046 in
488 2988 635 3046 desidiam
652 3007 724 3045 vero
742 2988 981 3067 otiumque-non
999 2991 1207 3070 resolvemuS,

200 3097 232 3147 et
248 3088 355 3167 procul
374 3107 390 3144 a
412 3092 555 3143 contactu
576 3084 754 3142 deliciarum
777 3084 988 3144 retinebimus.
1012 3086 1099 3144 Nihil
1122 3094 1209 3151 enim

200 3184 299 3259 magis
325 3183 400 3240 lacit
419 3179 583 3238 iracundos
607 3199 697 3257 quam
724 3179 865 3236 educatio
889 3179 990 3237 mollis
1014 3189 1045 3239 et
1072 3181 1208 3262 blanda;

198 3281 268 3338 ideo
283 3279 382 3338 unicis
398 3297 459 3356 quo
471 3275 541 3355 plus
556 3272 745 3350 indulgetur,
758 3273 944 3353 pupillisque
959 3296 1020 3354 quo
1035 3277 1106 3357 plus
1118 3279 1208 3356 lieet,

197 3375 373 3453 corruptior
404 3374 524 3430 animus
550 3377 606 3430 est.
641 3371 709 3429 Non
736 3371 859 3428 resistet
886 3372 1010 3430 ollensis
1040 3375 1091 3432 cui
1126 3379 1209 3440 nihil

198 3490 345 3550 umquam
362 3475 505 3546 negatum
522 3474 578 3538 est,
593 3465 641 3525 cui
660 3466 800 3524 lacrimas
818 3466 949 3526 sollicita
966 3488 1089 3549 semper
1103 3482 1210 3535 mater

197 3565 353 3639 abstersit,
371 3565 420 3622 cui
439 3563 476 3621 de
496 3563 666 3641 paedagogo
684 3561 873 3620 satisfactum
891 3570 948 3624 est.
973 3563 1043 3623 Non
1063 3567 1156 3628 vides
1170 3583 1210 3633 ut

193 3661 342 3739 majorem
360 3673 515 3734 quamque
533 3652 688 3709 fortunam
705 3651 861 3730 majorim
879 3656 1072 3719 comitetur?
1089 3663 1162 3725 Hoc
1177 3671 1209 3728 in

192 3754 343 3814 divitibus
356 3749 575 3827 nobilibusque
590 3753 621 3804 et
635 3747 866 3823 magistratibus
884 3752 1041 3832 praecipue
1058 3772 1207 3838 apparet,

626 3911 766 3961 „40-
