2682 4258
558 163 684 202 HORALE·
708 178 745 190 —
768 165 952 202 rnnosornm

566 489 651 548 484.
671 491 720 548 Le
739 485 913 546 bonheur.

608 661 666 742 (De
685 661 864 744 felicitate.)

175 1021 229 1084 ml·
283 1030 425 1091 Felicitas
450 1031 499 1091 cui
528 1031 652 1114 propria
680 1033 774 1092 luerit
800 1030 919 1092 homini
950 1054 1013 1093 nou
1039 1039 1085 1091 est
1115 1029 1243 1090 humani

238 1126 371 1207 judicii:
401 1149 470 1188 cum
502 1130 736 1210 prosperitatem
765 1129 863 1210 ipsam
894 1131 972 1190 alius
1000 1129 1059 1189 alio
1093 1128 1186 1187 modo
1213 1134 1244 1186 et

242 1232 352 1304 suopte
374 1227 499 1302 ingenio
518 1227 649 1307 quisque
668 1228 822 1287 terminet.
847 1229 877 1286 Si
908 1247 1014 1285 verum
1036 1227 1136 1285 lacere
1160 1225 1243 1304 judi-

242 1322 323 1379 cium
349 1323 504 1396 volumus,
534 1345 569 1382 30
600 1325 760 1403 repudiata
794 1324 877 1382 omni
910 1325 1042 1382 l'ortunae
1075 1321 1243 1382 ambitione
1330 1381 1331 1408 ,

242 1417 417 1490 decernere,
454 1420 629 1479 mortalium
663 1442 754 1480 nemo
776 1428 822 1480 est
858 1421 941 1480 felix.
981 1419 1113 1478 Abunde
1142 1417 1245 1496 agitur
1330 1409 1331 1470 l

242 1523 334 1594 atque
356 1516 536 1593 indulgente
559 1517 682 1576 fortuna
704 1517 858 1576 deciditur
880 1537 947 1576 cum
970 1537 1005 1574 co
1023 1517 1076 1596 qui
1093 1514 1164 1594 jure
1180 1514 1241 1572 dici
1330 1529 1331 1560 ὲ

242 1633 304 1672 3011
324 1611 431 1671 infelix
448 1621 560 1692 potest.
583 1614 713 1693 Quippe,
737 1622 770 1672 ut
785 1614 843 1672 3113
862 1635 923 1671 303
945 1613 1016 1684 sint,
1032 1620 1115 1671 certe
1133 1632 1171 1670 nc
1183 1609 1244 1670 las·
1330 1597 1331 1684 1

241 1716 341 1768 sescat
356 1709 478 1768 lortuna
500 1718 598 1768 metus
618 1718 687 1769 cst:
710 1731 771 1789 quo
796 1711 889 1768 semel
913 1716 1045 1788 recepto,
1067 1707 1164 1767 solida
1179 1707 1246 1766 feli·
1330 1725 1331 1750 1

241 1805 318 1864 citas
335 1815 465 1864 nonest.
482 1806 560 1873 Quid
582 1807 665 1886 quod
687 1829 776 1866 nemo
796 1807 971 1866 mortalium
995 1805 1139 1864 omnibus
1160 1804 1245 1862 horis
1330 1789 1331 1882 1

241 1903 348 1982 sapit?
366 1903 553 1982 Utinamque
569 1903 679 1961 falsum
693 1903 762 1972 hoc,
780 1912 810 1963 et
823 1925 884 1962 non
900 1924 916 1961 a
932 1910 1001 1961 vate
1014 1903 1131 1961 dictum
1150 1921 1244 1982 quam
1330 1883 1331 1896 1

242 1998 365 2077 plurimi
388 1999 553 2079 judicentl
573 2000 659 2059 Vana
683 2001 904 2070 mortalitaS,et
929 1999 966 2058 ad
988 1999 1247 2058 circumscriben-
1330 2003 1331 2006 ’

241 2095 314 2153 dum
337 2096 467 2174 seipsam
489 2095 658 2174 ingeniosa,
671 2105 831 2175 computat
851 2116 936 2154 more
958 2094 1097 2154 Thraciae
1117 2095 1244 2174 gentis:

241 2213 311 2271 quae
324 2192 467 2262 calculos,
483 2193 585 2251 colore
598 2192 770 2260 distinctos
789 2213 844 2270 pro
860 2191 1073 2271 experimento
1088 2193 1244 2270 cujusque
1330 2187 1331 2258 ζ

241 2289 302 2346 diei
318 2289 471 2350 inurnam
487 2289 602 2358 condit,
620 2309 665 2357 ae,
689 2309 832 2366 supremo
847 2289 908 2359 die,
932 2296 1089 2368 separatos
1102 2288 1245 2346 dinume·

241 2369 299 2456 131,
330 2393 422 2464 atque
446 2385 488 2444 ita
517 2384 554 2443 de
583 2405 707 2464 quoque
741 2386 933 2464 pronuntiat.
960 2384 1040 2452 Quid
1069 2385 1153 2464 quod
1185 2383 1247 2443 iste

241 2480 350 2539 calculi
374 2482 504 2540 candore
523 2481 577 2539 illo
595 2481 737 2540 laudatus
759 2480 823 2538 dies
845 2481 995 2558 originem
1013 2481 1085 2540 mali
1108 2481 1248 2540 habuit?

241 2577 338 2644 Quam
366 2578 480 2637 multos
514 2586 640 2656 accepta
666 2579 799 2637 alllixere
824 2577 978 2656 imperia?
1003 2577 1101 2644 Quam
1129 2577 1248 2636 multos
1330 2615 1331 2620 κ

241 2675 321 2732 bona
336 2674 505 2754 perdidere,
525 2683 555 2732 et
575 2675 690 2734 ultimis
710 2694 841 2732 mersere
868 2674 1051 2754 suppliciis?
1071 2675 1133 2732 lsta
1154 2675 1248 2734 nimi·

240 2793 309 2829 rum
329 2771 421 2845 bona,
446 2771 469 2829 si
494 2771 543 2830 cui
571 2773 651 2829 inter
670 2771 720 2828 1113
741 2771 815 2829 hora
841 2771 871 2828 in
887 2771 1001 2848 gaudio
1028 2771 1097 2829 fuit.
1126 2772 1172 2830 113
1197 2780 1248 2829 est
1330 2765 1331 2850 1

240 2867 391 2948 profectu,
419 2868 496 2927 alius
519 2867 559 2926 de
580 2866 639 2926 alio
656 2866 778 2945 judicat
801 2867 876 2938 dies,
896 2875 927 2926 et
948 2875 1052 2944 tamen
1077 2888 1247 2946 supremus
1330 2867 1331 2872 ’

239 2966 283 3035 de¹
300 2965 442 3023 omnihus
460 2983 466 3024 :
487 2963 617 3043 ideoque
642 2963 735 3022 nullis
759 2964 945 3023 credendum
971 2972 1026 3023 est.
1051 2963 1131 3031 Quid
1157 2965 1248 3044 quod
1330 3031 1331 3050 1

241 3062 320 3120 bona
336 3061 423 3120 malis
436 3061 520 3140 paria
535 3081 596 3118 non
610 3069 692 3134 sunt,
705 3061 798 3119 etiam
810 3060 875 3139 pari
893 3079 1041 3120 numero:
1058 3081 1115 3119 uec
1135 3059 1247 3121 laetitia

241 3158 302 3217 ulla
316 3158 442 3216 minimo
462 3178 598 3217 macrore
615 3158 797 3237 pensanda?
819 3159 887 3216 Heu
912 3179 990 3216 vana
1005 3165 1036 3216 et
1061 3158 1249 3236 imprudens

240 3255 421 3332 diligential
453 3255 604 3314 Numerus
626 3253 745 3313 dierum
770 3261 977 3334 comparatur,
1008 3254 1060 3312 ubi
1089 3255 1249 3334 quaeritur
1330 3317 1331 3320 ,

240 3352 373 3432 pondus.
898 3369 903 3373 ·
