2670 4252
142 148 202 204 62.
222 149 378 206 Devoirs
402 151 486 206 d’un
502 151 637 206 maitre
660 163 794 207 envers
820 162 882 206 ses
900 148 1033 206 eleves.

221 267 308 349 (Quae
329 269 392 330 sint
414 269 563 354 maqistri
582 269 615 330 in
636 269 808 352 discipulos
829 269 956 353 officia.)

127 479 237 539 Sumat
258 486 329 540 ante
350 483 452 540 omnia
477 489 649 562 praeceptor
668 482 804 562 parentis
831 504 899 561 erga
923 481 1090 562 discipulos
1115 484 1156 548 3⁰

88 596 161 635 suos
180 577 330 648 animum,
354 598 389 637 ac
410 577 573 637 succedere
596 599 627 637 se
649 579 679 637 in
700 599 805 638 eorum
819 579 932 650 locum,
949 579 1089 657 aquibus

87 673 145 730 sibi
159 673 249 732 liberi
267 674 439 747 tradantur,
457 676 629 748 existimet3
647 675 712 755 ipse
727 696 784 735 nec
802 675 913 734 habeat
927 676 1014 742 vitia,
1034 695 1090 733 nec

88 769 176 830 serat.
192 769 263 829 Non
277 771 438 848 austeritas
451 772 517 852 ejus
533 772 640 841 tristis
657 793 719 832 non
731 771 879 831 dissoluta
894 772 936 830 sit
949 771 1088 840 comitas,

89 887 126 924 ne
150 865 223 926 inde
243 867 360 941 odium,
386 867 459 927 hinc
481 875 677 948 contemptus
693 869 818 929 oriatur.
840 869 995 928 Plurimus
1010 868 1037 926 ei
1052 867 1090 926 de

89 963 220 1022 honesto
240 985 276 1024 ao
300 965 381 1024 bono
409 965 449 1024 sit
463 986 562 1024 sermo
586 983 592 1024 :
616 986 685 1024 nam
708 987 769 1045 quo
788 965 899 1044 saepius
924 965 1089 1034 monuerit,

90 1059 147 1118 hoc
163 1060 263 1119 rarius
279 1061 450 1139 castigabit.
469 1063 597 1121 Minime
607 1061 783 1134 iracundus
803 1083 858 1120 nec
874 1069 974 1121 tamen
985 1080 1090 1118 corum

89 1177 156 1236 quae
176 1157 368 1216 emendanda
388 1166 478 1216 erunt
497 1157 723 1231 dissimulator3
741 1159 870 1237 simplex
887 1158 920 1215 in
933 1156 1089 1228 docend0;

90 1253 208 1331 patiens
227 1253 358 1327 laboris;
381 1255 521 1313 assiduus
541 1255 645 1334 potius
666 1275 757 1334 quam
775 1255 969 1313 immodicus.
994 1254 1091 1312 lnter-

23 1369 24 1372 *
91 1350 271 1427 rogantibus
301 1351 432 1409 libenter
460 1352 655 1430 respondeat,
681 1351 996 1430 non-interrogantes
1024 1370 1092 1430 per·

23 1431 24 1434 ¹
90 1454 234 1505 coutetur
249 1447 340 1506 ultro.
361 1448 396 1506 ln
409 1447 569 1507 laudandis
585 1447 807 1526 discipulorum
821 1447 1009 1506 dictionibus
1036 1466 1091 1504 nec
1177 1454 1180 1462 '

91 1543 264 1620 malignum,
286 1565 343 1602 nec
374 1546 498 1615 effusus,
524 1544 594 1624 quia
621 1565 669 1602 res
692 1544 785 1602 altera
813 1545 937 1602 taedium
966 1544 1089 1612 laboris,

92 1639 184 1698 altera
217 1641 414 1699 securitatem
439 1642 530 1721 parit.
548 1643 581 1699 ln
604 1640 797 1700 emendando
822 1662 890 1720 quae
911 1640 1090 1719 corrigenda

92 1743 190 1810 erunt,
215 1757 277 1796 non
306 1739 434 1796 acerbus
464 1737 651 1817 minimeque
677 1737 944 1808 contumeliosus;
968 1758 1037 1795 nam
1061 1737 1091 1794 id

91 1833 213 1911 quidem
235 1834 349 1893 multos
371 1855 388 1893 a
407 1835 566 1914 proposito
590 1834 731 1893 studendi
756 1834 854 1912 lugat,
870 1833 1090 1913 quodquidam

92 1929 132 1987 sic
160 1931 337 2010 objurgant,
360 1932 447 2011 quasi
471 1931 602 1991 oderint.
628 1931 697 2011 lpse
722 1931 849 2008 aliquid,
869 1930 962 1987 immo
982 1930 1089 1998 multa,

94 2026 229 2104 quotidie
256 2027 351 2103 dicat,
382 2049 450 2108 quae
475 2048 578 2086 secum
607 2028 711 2085 audita
731 2027 875 2085 reserant.
902 2027 987 2084 Licet
1010 2027 1090 2084 enim

20 2145 21 2150 ¹
95 2124 163 2181 salis
191 2124 403 2204 exemplorum
427 2125 463 2184 ad
487 2125 670 2183 imitandum
698 2145 733 2182 cx
754 2124 885 2182 lectione
903 2123 1089 2202 suppeditet,

96 2225 194 2279 tamen
212 2221 280 2279 viva
296 2221 357 2293 illa,
381 2229 415 2280 ut
437 2223 560 2292 dicitur,
584 2243 643 2278 vox
661 2221 714 2279 alit
730 2216 861 2300 plenius
876 2220 1092 2299 praecipueque

96 2315 157 2394 ejus
173 2317 383 2398 praeceptoriS‚
403 2339 493 2397 quem
512 2318 666 2398 discipuli,
686 2318 710 2376 si
728 2318 820 2375 modo
837 2325 918 2376 recte
941 2325 1012 2376 sunt
1031 2317 1092 2374 ins-

96 2412 186 2487 tituti,
201 2421 231 2473 et
246 2423 360 2490 amant,
378 2423 409 2474 et
420 2423 576 2476 verentur.
1039 2404 1043 2412 ⁸

278 2706 337 2764 63.
360 2707 392 2764 Α
410 2708 450 2763 la
468 2704 639 2763 memolre
659 2707 744 2763 d’un
760 2707 904 2764 maltro.
977 2765 979 2774 .

367 2828 418 2909 (In
440 2827 622 2888 memoriam
644 2826 815 2910 maqislri.)

134 3029 201 3089 Sive
221 3031 424 3112 panegyricos
447 3031 566 3111 placeat
587 3031 774 3089 contendere
796 3031 901 3103 libros,

163 3127 205 3199 ‘ln
229 3128 462 3186 Panathenaicis
484 3137 518 3186 tu
541 3127 747 3186 numerandus
770 3129 848 3202 eris;

135 3222 190 3282 Seu
212 3224 307 3284 libeal
327 3224 415 3283 fictas
437 3225 581 3283 ludorum
604 3225 745 3283 evolvere
768 3224 847 3296 lites,

171 3321 345 3402 Ancipitem
367 3321 498 3402 palmam
523 3321 732 3387 Quintilianus
754 3321 856 3380 habet.

135 3414 260 3476 Dicendi
281 3426 400 3477 lorrens
422 3419 478 3477 tibi
501 3418 599 3497 copia,
623 3439 691 3496 quae
715 3426 814 3476 tamen
837 3439 957 3492 aurum,

172 3514 239 3574 Non
262 3515 354 3574 etiam
378 3515 491 3574 luteam
513 3515 653 3574 volveret
674 3514 821 3573 illuviem.

136 3607 171 3668 El
190 3612 473 3683 Demosthenicum,
496 3611 579 3690 quod
601 3619 648 3669 ter
668 3611 802 3690 primum
825 3611 875 3670 ille
897 3612 1031 3683 vocavit,

172 3707 204 3766 ln
225 3715 255 3767 te
276 3709 319 3768 sic
340 3708 451 3788 viguit,
476 3709 565 3767 cedat
588 3715 622 3766 ut
644 3707 708 3788 ipse
732 3708 798 3767 tibi.

518 3893 658 3945 ...43-
