2678 4250
256 183 340 242 268.
354 185 424 240 Les
440 184 564 240 tables
584 165 629 240 en
640 141 722 240 bots
736 185 780 238 de
798 181 902 240 ettae.

394 303 451 386 (De
467 273 584 366 tabulis
598 325 637 364 ecc
655 303 757 385 citro.)

121 498 236 565 Atlanti
256 498 394 559 confines
417 498 530 572 Mauri,
554 498 666 578 quibus
690 497 821 578 plurima
840 486 932 566 arbor
953 497 1022 558 citri
1045 504 1075 555 et
1089 497 1145 558 nh.

87 598 253 658 mensarum
272 595 404 666 insania,
431 616 507 676 quas
528 595 651 654 feminae
676 595 750 654 viris
768 602 876 655 contra
896 594 1076 672 margaritas

88 699 237 770 regerunt.
255 693 363 755 Exstat
377 691 469 752 hodie
483 693 528 753 M.
546 692 704 752 Ciceronis
723 692 755 751 in
770 691 821 752 illa
837 698 1029 771 paupertate,
1048 697 1079 750 et

87 790 165 869 quod
179 789 277 867 magis
292 789 403 848 mirum
416 796 471 860 est,
482 788 535 848 illo
550 809 617 848 aevo
629 795 732 868 empta
746 789 815 848 H·S
831 773 869 849 X‘.
890 788 1080 847 Memoratur

86 895 114 945 et
127 885 208 947 Galli
222 885 333 959 Asinii,
347 885 412 946 H·S
421 872 479 946 X‘l.
494 885 677 963 Magnitudo
690 885 879 965 amplissima
895 884 996 960 adbuc
1008 883 1078 958 luit,
1170 957 1173 963 Ι

87 983 173 1041 unius
196 981 372 1042 commissae
401 1003 438 1040 ex
467 982 592 1040 orbibus
615 981 783 1041 dimidiatis
803 981 935 1054 duobus,
968 1002 983 1040 a
1010 1000 1081 1058 rege

85 1079 282 1138 Mauretaniae
305 1078 483 1151 Ptolemaeo,
508 1086 642 1157 quatuor
663 1079 776 1158 pedum
795 1077 1008 1158 etsemipedis
1028 1097 1082 1156 per

85 1176 218 1235 medium
251 1175 412 1248 ambitum,
441 1175 644 1234 crassitudine
676 1175 881 1257 quadrantali.
918 1174 1081 1254 Majusque

85 1272 264 1332 miraculum
280 1271 313 1330 in
327 1292 362 1331 ea
376 1280 422 1331 est
434 1273 518 1343 artis,
534 1271 648 1331 latente
657 1272 816 1352 junctura,
830 1293 921 1352 quam
932 1270 1083 1350 potuisset

84 1391 147 1428 esse
163 1377 292 1430 naturae.
308 1369 493 1446 Magnitudo
504 1368 692 1448 amplissima
707 1369 840 1428 solidaea
856 1368 978 1440 Nomi0,
995 1366 1082 1426 Tibe-

14 1463 15 1528 Ῐ
84 1467 121 1524 rii
143 1465 276 1524 Caesaris
303 1465 427 1538 liberto,
453 1486 624 1544 cognomen
652 1466 814 1540 trahentis,
836 1465 935 1525 tribus
961 1463 1083 1524 sicilicis

14 1555 16 1628 ἶ
83 1563 163 1620 inira
187 1569 324 1641 quatuor¹
346 1562 450 1643 pedes,
472 1562 662 1641 totidemque
690 1562 768 1621 infra
792 1561 979 1642 semipedem
1004 1580 1084 1619 cras·

14 1689 15 1694 *
83 1660 238 1717 situdinis.
268 1657 335 1726 Qua
362 1658 395 1716 in
421 1679 454 1718 re
479 1679 541 1717 non
570 1658 776 1717 omittendum
800 1659 934 1732 videtur,
961 1657 1084 1716 Tiberio

83 1755 217 1835 principi
233 1775 369 1814 mensam
385 1762 519 1834 quatuor
535 1755 628 1836 pedes
647 1762 786 1814 sextante
802 1755 917 1814 sicilico
935 1753 1084 1814 exceden-

84 1862 157 1923 tem,
176 1858 241 1910 tota
260 1873 333 1911 vero
353 1852 555 1911 crassitudine
575 1851 767 1924 sescunciali,
788 1852 980 1930 operimento
999 1850 1084 1908 lami-

84 1970 131 2006 nae
154 1948 298 2007 vestitam
323 1949 429 2022 fuisse,
450 1970 520 2007 curn
542 1955 604 2008 tam
626 1949 727 2028 opima
754 1948 865 2007 Nomio
888 1948 997 2006 liberto
1018 1947 1086 2026 ejus

14 2081 15 2124 3
83 2052 175 2108 esset.
192 2044 311 2104 Mensis
324 2045 478 2125 praecipua
489 2047 544 2104 dos
555 2047 586 2104 in
597 2066 706 2105 venam
717 2045 836 2124 crispiS,
848 2045 897 2104 vel
908 2045 939 2102 in
951 2043 1086 2102 vortices

14 2167 15 2192 2
83 2161 208 2221 parvos.
232 2141 311 2201 Illud
331 2142 466 2219 oblongo
487 2143 589 2201 evenit
610 2141 761 2214 discursu,
783 2142 914 2222 ideoque
938 2141 1084 2218 tigrinum

14 2239 15 2270 r
83 2237 276 2317 appellatum
290 2239 349 2297 hoc
364 2241 492 2307 intorto,
509 2245 539 2297 et
553 2239 623 2298 ideo
635 2238 711 2299 tales
722 2236 914 2318 pantheriuae
923 2244 1084 2297 vocantur.

14 2365 15 2402 ᾗ
82 2336 165 2394 Sunt
180 2343 211 2394 et
223 2335 361 2394 undatim
379 2336 497 2414 crispae,
515 2335 630 2415 majore
641 2336 751 2414 gratia,
770 2336 793 2394 si
810 2355 965 2414 pavonum
980 2333 1086 2394 caudae

14 2435 15 2508 l
81 2432 192 2490 oculos
214 2432 383 2492 imitentur.
408 2431 533 2491 Summa
564 2453 637 2491 vero
661 2433 799 2491 omnium
823 2432 855 2492 in
881 2431 995 2502 colore,
1028 2429 1088 2490 Hic

14 2513 15 2546 ³
80 2529 219 2587 maxime
231 2521 322 2587 mulsi
339 2529 451 2610 placet,
465 2529 528 2588 suis
540 2529 696 2607 refulgens
711 2529 808 2591 venis·

441 2847 524 2905 269.
546 2850 602 2914 Un
619 2861 735 2905 menu.

244 2967 412 3053 (Singulae
437 2990 530 3029 cenae
555 2968 651 3052 dapes
682 2968 930 3054 describuntur.)

121 3163 212 3222 Heus
226 3169 261 3221 tu
275 3163 430 3243 promittis
445 3163 482 3222 ad
503 3185 622 3237 cenam,
637 3184 694 3223 nec
711 3165 808 3223 venie.
831 3164 954 3223 Dicitur
969 3163 1035 3244 jus3
1050 3163 1089 3222 ad
1115 3164 1159 3228 3θ

14 3275 15 3330 3
78 3279 184 3318 assem
201 3259 391 3338 impendium
411 3260 530 3333 reddes,
555 3281 611 3320 nec
629 3261 661 3344 id
674 3261 843 3321 modicum.
865 3261 983 3320 Paratae
1003 3267 1090 3319 erant

14 3355 15 3362 '
78 3356 215 3415 lactucae
245 3354 385 3434 singulae,
421 3356 555 3414 cochleae
580 3365 687 3430 ternae,
710 3378 768 3417 ova
799 3357 882 3430 bina,
908 3356 985 3416 alica
1017 3377 1087 3416 cum

78 3453 186 3511 mulso
203 3452 316 3516 etnive
329 3451 412 3532 (nam
432 3452 511 3512 hanc
531 3474 654 3535 quoque
671 3454 876 3533 computabiS,
893 3455 987 3513 immo
1009 3455 1088 3514 hanc

76 3548 108 3606 in
125 3549 250 3629 primia,
264 3569 331 3630 quae
347 3549 438 3628 periit
448 3549 479 3607 in
493 3549 635 3625 ferculol,
651 3551 752 3621 olivae,
766 3550 893 3623 betacei,
908 3551 1087 3620 cucurbitae,

77 3645 183 3718 bulbi,
199 3644 259 3703 alia
273 3644 356 3703 mille
369 3666 431 3704 non
448 3647 549 3705 minus
566 3647 661 3708 lauta.
681 3647 828 3706 Audisses
845 3648 1013 3720 comoedos
1038 3648 1086 3706 vel

75 3741 245 3814 lectorem,
259 3741 307 3799 vel
322 3741 461 3821 lyristen,
480 3743 538 3815 vel,
556 3764 624 3824 quae
639 3764 706 3802 mea
721 3743 897 3816 liberalitas,
915 3763 1032 3804 omnes
1046 3749 1087 3802 At

509 3957 542 3968 -
563 3930 612 3981 187
632 3948 668 3969 -·
