2678 4250
176 153 259 209 361.
281 151 347 220 Qui
366 154 412 208 de
438 152 527 211 l’art
547 166 592 210 ou
612 155 656 209 de
676 153 716 210 la
735 154 879 225 nature,
901 151 1092 211 contribue

410 240 444 296 le
463 240 546 308 plus
566 239 860 310 al’e'toquencen

131 325 312 404 (Naturane
331 323 405 407 plus
432 326 474 386 ad
494 326 706 408 eloquentiam
727 327 878 408 conserat,
903 348 944 386 an
965 326 1135 409 doctrina.)

173 449 243 508 Scio
264 449 360 530 quaeri
380 450 485 524 etiam,
509 457 661 510 naturane
685 451 754 530 plus
770 451 809 508 ad
826 449 1043 530 ¹eloquentiam
1063 447 1207 512 con-'mh

130 547 223 619 serat,
246 567 286 606 an
307 533 462 607 doctrina.
495 547 584 614 Quod
608 547 645 606 ad
672 548 864 628 propositum
886 546 1011 626 quidem
1038 545 1136 606 nostri

130 643 236 722 operis
250 643 327 702 nihil
339 644 491 723 pertinet;
509 665 609 724 neque
623 645 704 703 enim
716 652 946 703 consummatus
958 649 1063 702 orator
1078 642 1139 702 nisi

131 761 172 797 ex
186 746 317 820 utroque
332 741 398 798 fieri
413 747 517 820 potest
533 758 540 800 ε
560 741 728 820 plurimum
744 748 849 798 tamen
864 739 977 800 referre
993 739 1139 812 arbitror,
1173 773 1176 779 ,

131 857 226 916 quam
246 858 310 895 esse
326 837 359 894 in
373 837 432 896 hoc
450 836 520 897 loco
540 838 743 919 quaestionem
763 837 904 896 velimus
927 836 1005 895 Nam
1019 836 1044 894 si
1059 835 1141 916 parti

131 933 273 992 utrilibet
287 934 414 994 omnino
430 934 557 993 alteram
576 933 730 1002 detrahas,
754 940 862 992 natura
878 933 971 992 etiam
986 931 1051 992 sine
1066 931 1141 991 doc·
1236 956 1239 960 ·

129 1029 214 1088 trina
227 1032 360 1090 multum
373 1031 499 1102 valebit,
513 1031 655 1090 doctrina
672 1030 755 1089 nulla
772 1051 837 1088 esse
851 1029 916 1088 sine
930 1035 1039 1089 natura
1052 1035 1140 1108 pote-

130 1126 184 1185 rit.
206 1127 260 1185 Sin
282 1149 319 1186 ex
340 1128 408 1207 pari
431 1134 552 1199 coeant,
577 1128 607 1184 in
631 1113 837 1186 mediocribus
860 1125 984 1205 quidem
1000 1125 1139 1204 utrisque

130 1224 234 1302 majus
276 1224 377 1283 adhuc
412 1231 530 1283 naturae
566 1224 688 1284 credam
724 1245 789 1282 csse
822 1231 1022 1295 momentum,
1066 1242 1140 1280 con-

130 1327 302 1379 summatos
336 1327 447 1379 autem
479 1320 549 1400 plus
579 1320 727 1379 doctrinae
765 1320 875 1378 debere
905 1339 996 1398 quam
1024 1325 1142 1376 naturae

129 1417 266 1496 putab03
300 1417 381 1476 sicut
416 1424 507 1476 terrae
535 1418 651 1476 nullam
681 1416 870 1475 fertilitatem
910 1415 1036 1502 babenti
1064 1414 1142 1472 nihil

130 1513 271 1592 optimus
294 1513 429 1590 agricola
451 1515 614 1593 profuerit,
641 1521 760 1572 eterra
787 1513 873 1572 uberi
890 1506 982 1571 ¹utile
1007 1510 1139 1592 aliquid,

131 1611 233 1669 etiarn
257 1609 342 1669 nullo
368 1610 499 1682 colente,
528 1618 686 1682 nascetur;
713 1618 744 1668 at
769 1610 800 1668 in
823 1609 888 1668 solo
914 1601 1048 1668 secundo
1072 1607 1142 1686 plus
1201 1681 1202 1687 ἵ

129 1708 235 1766 cultor
246 1728 337 1787 quam
353 1707 418 1786 ipsa
433 1728 488 1786 per
506 1725 538 1765 se
556 1706 677 1765 bonitas
697 1706 754 1764 soli
767 1707 887 1764 efficiet.
905 1705 955 1774 Et,
976 1706 1000 1763 si
1034 1704 1142 1763 Praxi·

129 1803 211 1862 teles
227 1804 349 1882 signum
364 1803 490 1884 aliquod
504 1825 540 1862 ex
554 1803 661 1862 molari
675 1803 775 1882 lapide
788 1809 917 1860 conatus
933 1809 1013 1859 esset
1023 1800 1141 1859 exscul-

134 1921 222 1980 pere,
241 1887 377 1959 ‘Parium
409 1921 544 1959 marmor
573 1900 693 1958 mallem
727 1899 817 1970 rude,
849 1898 927 1956 atsi
953 1897 1029 1956 illud
1055 1897 1136 1955 idem

129 1997 246 2056 artilex
273 1996 483 2076 expolivisset,
521 1997 594 2076 plus
624 1996 655 2054 in
683 1995 825 2056 manibus
855 1995 964 2068 suisset
989 2013 1080 2074 quam
1109 1993 1141 2051 in

130 2113 299 2153 marmore.
313 2093 454 2173 Denique
465 2101 575 2152 natura
587 2093 715 2152 materia
726 2091 874 2150 doctrinae
885 2099 931 2149 est
943 2109 949 2150 :
961 2090 1026 2148 baec
1037 2089 1139 2166 fingit,

130 2191 188 2249 illa
213 2189 351 2268 fingitur.
375 2189 459 2248 Nihil
483 2211 531 2248 ars
555 2189 621 2248 sine
644 2189 782 2261 materia,
806 2188 941 2247 materiae
959 2187 1049 2245 etiam
1074 2185 1143 2244 sine

130 2294 201 2346 arte
216 2282 350 2365 pretium
366 2294 422 2358 est,
440 2307 488 2344 ars
503 2307 621 2346 summa
634 2286 762 2344 materia
779 2285 895 2364 optima
911 2283 1031 2344 melior.

250 2420 334 2478 362.
357 2404 562 2477 &ducation
582 2421 626 2474 de
646 2418 833 2474 l’orateur
852 2419 876 2475 a
894 2419 1021 2474 Rome.

129 2504 309 2586 (Quomodo
330 2506 434 2565 Roma
452 2507 584 2587 juvenes
604 2504 790 2586 eloquentiae
804 2503 920 2586 parari
937 2503 1026 2563 soliti
1048 2502 1137 2584 sint.)

173 2628 267 2708 Apud
281 2629 411 2708 majores
432 2636 553 2688 nostros
568 2629 692 2708 juvenis
712 2628 762 2686 ille
775 2628 828 2708 qui
848 2628 915 2686 loro
937 2633 968 2686 et
990 2627 1136 2707 eloquen-
1151 2635 1196 2691 Rh

128 2726 374 2805 separabatur,
392 2724 529 2783 imbutus
546 2725 610 2804 jam
630 2725 798 2784 domestica
818 2724 991 2803 disciplina,
1004 2724 1137 2782 refertus

129 2822 273 2881 honestis
288 2821 410 2892 studiis,
426 2821 667 2880 deducebatura
687 2828 773 2902 patro
793 2821 842 2879 vel
862 2842 878 2879 a
898 2821 1080 2900 propinquis
1098 2820 1137 2878 ad

130 2940 206 2979 euni
222 2926 375 2978 oratorem
390 2919 443 2998 qui
459 2919 627 2998 principem
646 2919 677 2976 in
695 2913 821 3000 civitate
844 2918 945 2976 locum
966 2917 1137 2976 obtinebat.

131 3017 229 3076 Hunc
248 3015 368 3090 sectari,
391 3015 473 3074 hunc
494 3015 656 3095 prosequi,¹
674 3014 767 3095 hujus
789 3015 933 3078 omnibus
953 3013 1143 3092 dictionibus

128 3115 291 3184 interesse,
307 3111 413 3171 sivein
426 3112 564 3191 judiciis,
583 3111 647 3170 sive
660 3113 691 3170 in
704 3112 913 3185 contionibus
931 3111 1138 3183 assuescebat,

128 3212 175 3268 ita
195 3215 230 3268 ut
243 3209 458 3274 altercationes
471 3229 593 3289 quoque
609 3209 774 3288 exciperet,
792 3215 823 3267 et
835 3208 949 3288 jurgiis
964 3208 1138 3279 interesset,

129 3315 231 3384 utque
246 3306 290 3364 sic
302 3305 443 3390 dinerim,
457 3326 594 3385 pugnare
609 3305 640 3362 in
659 3306 767 3384 proelio
783 3305 926 3364 disceret.
951 3304 1082 3382 Magnus
1101 3325 1139 3362 ex
1169 3353 1173 3360 ,

130 3402 195 3460 hoc
210 3420 293 3474 usne,
310 3402 442 3461 multum
460 3402 652 3474 constantiae,
669 3402 836 3480 plurimum
850 3399 960 3481 judicii
971 3401 1139 3480 juvenibus

130 3498 239 3558 statim
250 3499 459 3577 contingebat,
477 3499 508 3556 in
524 3497 623 3556 media
639 3498 707 3556 lucc
724 3497 928 3569 studentibus
947 3505 1039 3578 atque
1058 3499 1140 3566 inter

130 3599 203 3676 ipsa
225 3595 411 3668 discrimina,
432 3595 484 3654 ubi
502 3616 591 3653 nemo
615 3596 740 3673 impune
757 3594 849 3653 stulte
864 3595 981 3674 aliquid
997 3602 1051 3654 aut
1065 3615 1139 3654 con-

131 3692 228 3753 trarie
259 3693 343 3767 dicit,
372 3693 537 3774 quominus
563 3700 593 3749 ct
616 3692 711 3770 judex
738 3680 862 3770 respuat
887 3701 917 3751 et
946 3691 1138 3751 adversarius

132 3789 312 3869 exprobret,
328 3791 387 3871 ipsi
401 3790 532 3868 denique
551 3789 691 3847 advocati
706 3788 938 3868 adspernantur.
960 3789 1054 3867 Igitur
1066 3809 1136 3845 vcra

558 3913 714 3964 ..255-
