2656 4258
256 141 337 200 121.
357 140 555 198 Nouvelles
574 142 611 198 et
630 141 752 199 bruits
771 144 815 198 de
833 144 955 199 Rome.

305 245 362 326 (De
383 247 488 306 Romae
509 245 631 327 sabulis
652 253 682 308 et
703 245 907 332 rumoribus.)

139 404 232 472 Quod
265 403 321 464 tibi
356 397 517 465 decedenti
555 405 710 485 pollicitus
745 426 812 464 sum
846 426 896 465 me
920 425 1027 465 omnes
1055 425 1104 464 res
1118 405 1176 464 Rh.

97 501 236 561 urbanas
271 501 505 580 diligentissime
532 503 589 562 tibi
618 502 872 582 perscripturum,
907 501 978 562 data
1012 522 1105 581 opera

99 598 208 678 paravi
236 599 291 680 qui
317 600 360 658 sic
390 599 493 659 omnia
519 583 764 679 persequeretur,
794 607 828 658 ut
852 619 959 658 verear
986 619 1024 659 ne
1049 599 1108 658 tibi

100 696 233 756 nimium
258 705 366 775 arguta
390 696 457 756 haec
481 696 627 757 sedulitas
654 696 807 757 videatur.
831 695 1117 760 Tametsiettuscio

98 813 195 873 quam
222 793 263 852 sis
294 793 444 864 curiosae,
475 802 505 853 et
533 815 625 874 quarn
661 793 804 851 omnibus
839 791 1109 872 peregrinantibus
1142 831 1144 835 -

97 897 224 967 gratum
240 891 280 950 sit
292 891 489 950 minimarum
502 911 626 971 quoque
641 910 835 970 rerumquae
848 889 932 948 domi
949 896 1108 967 gerantur,

99 987 168 1046 fieri
190 987 347 1057 certiores,
373 995 476 1046 tamen
499 988 529 1046 in
552 988 610 1046 hoc
632 996 662 1046 te
681 987 839 1066 deprecor,
864 1008 902 1046 ne
924 1006 1026 1046 meum
1048 985 1110 1044 boc

98 1085 238 1143 ollicium
270 1085 454 1163 arrogantiae
496 1084 693 1157 condemnes,
731 1084 814 1164 quod
850 1083 932 1143 hunc
970 1082 1109 1142 laborem

99 1181 190 1240 alteri
206 1180 355 1259 delegavi.
376 1181 486 1240 Nescio
504 1181 591 1259 cujus
616 1181 669 1240 otii
691 1189 770 1240 es‘set
789 1202 851 1239 non
871 1179 962 1239 modo
980 1178 1111 1259 perscri-

10 1337 11 1342 χ
96 1278 172 1336 bere
189 1277 265 1346 haic,
283 1277 335 1333 sed
351 1275 478 1335 omnino
493 1275 759 1334 animadvertere:
777 1275 881 1334 omnia
898 1274 978 1334 enim
994 1275 1110 1333 suntin

99 1373 260 1432 volumine
279 1372 362 1452 quod
380 1372 437 1431 tibi
457 1371 537 1443 misi,
556 1371 669 1443 edicta,
696 1371 820 1445 fabulae,
845 1389 1004 1432 rumores:
1027 1370 1109 1452 quod

96 1469 277 1549 exemplum
299 1469 325 1526 si
344 1469 447 1528 minus
466 1477 496 1528 te
516 1468 688 1535 delectarit.
707 1489 745 1527 ne
757 1469 939 1534 ,molestiam
961 1467 1018 1527 tibi
1039 1489 1111 1527 cum

97 1564 239 1642 impensa
254 1584 320 1621 mea
336 1563 506 1633 exhibeam,
520 1563 567 1623 sac
582 1583 630 1621 me
642 1563 818 1623 certiorem.
832 1563 865 1622 Si
885 1563 960 1645 quid
972 1563 1004 1622 in
1019 1584 1110 1643 repu-

10 1659 11 1666 '
97 1661 179 1719 blica
196 1659 294 1739 majus
309 1668 412 1718 actum
427 1659 496 1732 erit,
513 1660 596 1739 quod
612 1659 662 1718 isti
680 1659 815 1740 operarii
828 1660 931 1720 minus
947 1661 1110 1719 commode

96 1757 244 1836 persequi
266 1756 410 1836 possint:
434 1765 465 1816 et
488 1757 747 1836 quemadmodum
772 1765 874 1815 actum
907 1757 959 1829 sit,
987 1765 1017 1816 et
1040 1777 1110 1837 quae

94 1853 286 1912 existimatio
308 1860 424 1926 secuta,
446 1874 577 1933 quaeque
598 1852 636 1912 de
652 1873 689 1912 eo
708 1874 778 1933 spes
795 1853 845 1922 sit,
861 1853 1033 1930 diligenter
1052 1853 1110 1912 tibi

96 1951 334 2030 perscribemus.
360 1950 402 2009 Ut
426 1970 508 2008 nunc
525 1958 582 2021 est,
602 1949 685 2010 nulla
708 1969 892 2029 magnopere
914 1950 1111 2030 exspectatio

10 2107 11 2136 ,
94 2055 155 2107 est.
173 2047 263 2114 Quod
279 2045 316 2106 ad
334 2046 497 2120 Caesarem,
516 2047 615 2106 crebri
630 2055 661 2106 et
675 2067 739 2106 non
768 2046 840 2105 belli
855 2047 892 2105 de
907 2067 943 2105 eo
959 2067 1108 2120 rumores,

11 2159 13 2228 l
95 2143 152 2203 sed
178 2143 405 2203 susurrationes
430 2143 591 2204 dumtaxat
614 2145 760 2205 veniunt.
789 2145 897 2223 Neque
924 2144 990 2202 haec
1016 2143 1110 2220 vulgo

11 2229 13 2250 ’
90 2242 265 2321 jactantur,
286 2240 339 2299 sed
360 2240 440 2299 inter
458 2261 584 2320 paucos.
605 2262 684 2321 quos
711 2247 746 2300 tu
771 2242 853 2300 nosti
871 2240 972 2321 plane,
992 2249 1109 2300 secreto

11 2355 13 2416 f
96 2344 282 2409 narrantur;
301 2345 333 2397 at
347 2336 514 2411 Domitius,
532 2359 601 2396 cum
615 2359 725 2397 manus
740 2338 778 2397 ad
793 2358 826 2396 os
841 2335 996 2419 apposuit.

172 2557 255 2616 122.
276 2558 351 2701 que
370 2559 404 2614 le
425 2558 550 2628 Selour
569 2561 614 2615 de
634 2559 672 2615 la
689 2557 865 2628 province
886 2559 949 2616 est
967 2573 1038 2628 peu

244 2646 286 2703 ra
311 2647 440 2705 oreble
459 2659 534 2703 aux
551 2648 719 2704 travaux
737 2649 781 2703 de
801 2646 958 2717 l’esprlt.

12 2633 14 2684 i

12 2691 17 2824 i
136 2750 255 2832 (Quam
277 2750 406 2834 difficile
427 2750 468 2810 sit
490 2750 523 2810 in
539 2750 733 2832 provinciali
752 2750 924 2812 solitudine
947 2749 1069 2812 librum

490 2847 718 2930 conscribere.)

139 2982 177 3039 ln
206 2979 262 3039 bac
289 2980 473 3060 provinciali
504 2981 671 3040 solitudine
700 2979 837 3042 civitatis
866 3001 967 3055 aures,
993 2980 1163 3061 quibusRh

13 3083 14 3110 r
97 3098 305 3150 assueveram,
322 3098 438 3157 quaero,
456 3085 487 3136 et
501 3077 609 3136 videor
622 3078 697 3136 mihi
714 3078 746 3136 in
766 3079 869 3138 alieno
886 3079 953 3137 foro
972 3077 1104 3156 litigare.

100 3174 218 3254 Siquid
234 3183 280 3233 est
293 3175 374 3233 enim
388 3175 420 3233 in
432 3174 542 3233 libellis
553 3175 627 3234 meis
640 3175 723 3254 quod
735 3176 866 3255 placeat,
879 3175 1011 3235 dictavit
1021 3174 1108 3233 audi-

100 3280 160 3330 tor.
182 3270 267 3329 lllam
280 3271 470 3351 judiciorum
485 3271 702 3348 subtilitatem,
717 3273 792 3352 illud
807 3273 1006 3331 materiarum
1022 3271 1109 3350 inge·

13 3379 14 3382 ’
101 3370 198 3438 nium,
217 3368 428 3440 bibliothecae,
448 3367 579 3441 theatra,
601 3368 774 3441 convictus,
792 3369 824 3427 in
848 3369 964 3448 quibus
985 3368 1110 3431 studere

14 3539 16 3548 ‚
101 3487 132 3524 se
149 3465 322 3544 voluptates
337 3485 399 3523 non
416 3465 570 3524 sentiunt:
586 3464 623 3525 ad
639 3485 792 3524 summam
808 3465 957 3536 omnium,
973 3464 1025 3526 illa
1040 3487 1110 3545 quae

14 3551 16 3614 ἷ
100 3562 225 3621 delicati
254 3562 444 3642 reliquimuS,
466 3563 553 3642 quasi
579 3563 720 3621 destituti
757 3562 986 3624 desideramus.
1018 3564 1112 3622 Acce-

14 3687 15 3690 *
101 3659 148 3718 dit
161 3658 209 3716 his
221 3659 451 3739 municipalium
470 3659 577 3736 robigo
596 3658 748 3731 dentium,
763 3667 793 3719 et
805 3659 920 3739 judicii
938 3659 1006 3720 loco
1018 3658 1109 3729 livor,

102 3764 133 3814 et
145 3776 224 3814 unus
238 3763 291 3814 aut
301 3756 377 3815 alter
391 3756 474 3820 mali.
488 3756 521 3812 in
533 3754 646 3836 pusillo
656 3755 725 3815 loco
736 3756 828 3816 multi
844 3775 851 3816 :
864 3757 1014 3816 adversus
1027 3753 1110 3834 quod

534 3889 676 3943 *85-
