2678 4250
580 117 790 180 CHAPITRE
831 118 908 176 VIII

616 249 730 332 (Caput
774 246 860 330 VIII)
925 343 929 356 1

1324 389 1325 450 l

1324 451 1325 496 l

323 483 395 522 Luxu
415 483 467 522 DES
488 483 659 535 nAl'fflENTS,
681 483 716 520 DE
738 483 773 520 LA
794 481 895 530 unum,
922 481 958 518 DII
981 480 1016 518 LA
1037 479 1162 517 rnnuur.

356 593 413 675 (De
428 592 577 653 domuum
592 613 802 674 cenarumque
816 597 845 652 et
860 591 962 651 cultus
980 588 1132 658 luxuriat
1324 611 1325 684 ἰ

1103 732 1106 739 ·
1324 705 1325 752 l

241 804 314 862 252
344 807 399 862 La
409 803 605 874 simplicite
625 804 844 861 d’autrerois
865 805 902 862 et
916 799 1256 870 leluxed'aujour·
1324 757 1325 764 l

690 891 797 948 d’nui.

381 1013 439 1093 (De
455 1013 586 1095 antiqua
603 1012 755 1074 modestia
776 1019 806 1074 et
818 1012 856 1073 de
871 1010 991 1073 recenti
1006 1009 1104 1090 lusu.)

175 1176 229 1232 mi.
285 1171 364 1231 Cum
385 1177 531 1230 tremeret
551 1171 685 1251 populus
707 1171 818 1231 Fabios
841 1171 1013 1249 durumque
1035 1167 1190 1227 Catonem

285 1267 324 1326 Et
344 1269 474 1327 Scauros
495 1275 526 1326 et
548 1268 715 1341 Fabricios,
739 1256 891 1347 rigIdique
911 1285 1034 1324 severos

282 1364 426 1424 Censoris
448 1385 547 1424 mores
569 1365 663 1423 etiam
686 1365 803 1442 collega
825 1364 960 1435 timeret,

282 1461 379 1519 Nemo
401 1461 481 1520 inter
502 1481 593 1521 curas
614 1469 646 1519 et
667 1461 744 1520 seria
766 1461 855 1519 duxit
875 1457 1049 1518 habendum

282 1555 385 1622 Qualis
407 1557 438 1615 iu
461 1557 584 1617 Oceano
605 1557 701 1616 lluctu
723 1557 846 1616 testudo
868 1561 1001 1627 nataret,

282 1652 406 1720 Clarum
428 1653 612 1733 Trojugenis
634 1654 752 1712 iactura
774 1674 809 1713 ac
831 1653 934 1711 nobile
957 1650 1105 1724 fulcrum;

282 1747 341 1806 Sed
363 1750 445 1809 nudo
467 1749 615 1810 latereet
636 1750 742 1830 parvis
763 1750 847 1808 frons
869 1770 946 1808 aerea
968 1747 1056 1808 lectis

282 1844 349 1903 Vile
370 1847 512 1906 coronati
534 1856 627 1926 caput
647 1845 829 1904 ostendebat
850 1845 946 1916 aselli,

247 1994 249 1996 .
281 1940 331 2000 Ad
350 1943 432 2020 quod
455 1943 562 2001 lascivi
589 1942 737 2001 ludebant
759 1942 837 2000 ruris
859 1941 986 2002 alumni.
1046 1933 1048 1938 ¹

280 2037 366 2096 Tunc
388 2038 477 2097 rudis
499 2046 530 2097 et
551 2039 660 2098 Graias
681 2039 784 2097 mirari
805 2039 925 2097 nescius
947 2046 1038 2112 artes,

283 2133 418 2193 Urbibus
441 2135 566 2206 eversis,
590 2135 763 2214 praedarum
786 2135 817 2194 in
839 2141 925 2214 parte
947 2143 1067 2214 reperta
1324 2183 1325 2198 1

221 2289 227 2299 ,
281 2231 466 2308 Magnorum
490 2231 641 2290 artificum
664 2231 824 2309 frangebat
845 2231 954 2310 pocula
976 2231 1074 2302 miles,

285 2327 326 2386 Ut
348 2326 480 2406 phaleris
503 2327 650 2406 gauderet
670 2349 778 2408 equus
802 2315 970 2406 caelataque
991 2327 1084 2387 cassis

283 2422 441 2483 Romuleae
463 2423 624 2483 slmulacra
645 2424 717 2484 Ierae
739 2445 951 2484 mansuescere
968 2425 1062 2506 jussae

201 2542 204 2549 ·
283 2519 406 2599 imperii
431 2521 505 2594 fatu,
528 2521 666 2598 geminos
688 2523 744 2580 sub
766 2543 843 2601 rupe
865 2521 1021 2594 Quirinos,

282 2617 327 2674 Ac
349 2616 463 2676 nudam
485 2619 615 2696 effigiem
637 2618 737 2698 clipeo
759 2618 904 2696 fulgentis
926 2626 956 2677 et
978 2618 1065 2677 hasta

283 2712 510 2795 Pendentisque
531 2714 583 2773 dei
606 2715 742 2794 perituro
764 2714 939 2774 ostenderet
960 2714 1054 2774 hosti.

282 2809 337 2868 Illa
360 2810 443 2869 domi
465 2819 550 2870 natas
573 2819 740 2891 nostraque
761 2832 798 2869 ex
819 2811 927 2870 arbore
945 2831 1066 2870 mensas

281 2905 433 2987 Tempora
456 2907 619 2981 viderunt;
647 2908 703 2967 hos
724 2908 840 2986 lignum
864 2908 965 2966 stabat
985 2909 1017 2966 in
1039 2927 1123 2981 usuS,

281 3005 439 3062 Annosam
462 3005 487 3062 si
508 3004 589 3062 forte
611 3025 720 3063 nucem
743 3004 897 3083 dejecerat
918 3005 1029 3064 Eurus.

281 3102 323 3158 m
345 3121 426 3159 nunc
448 3100 596 3159 divitibus
619 3100 749 3159 cenandi
771 3099 855 3159 nulla
876 3099 1031 3180 voluptas,

282 3196 331 3253 Nil
354 3196 511 3269 rhombus,
535 3196 578 3254 nil
601 3197 688 3255 dama
711 3197 802 3277 sapit,
827 3204 933 3276 putere
955 3198 1102 3256 videntur

283 3291 445 3370 Unguenta
467 3300 559 3371 atque
581 3315 668 3365 rosae,
685 3294 771 3358 ¹latos
792 3294 853 3352 nisi
874 3294 1008 3354 sustinet
1029 3293 1118 3353 orbes

282 3386 406 3447 Grande
428 3388 516 3463 ebur,
540 3398 571 3469 et
596 3410 707 3467 magno
729 3390 868 3449 sublimis
890 3391 1004 3470 pardus
1025 3389 1123 3462 biatu,

282 3483 433 3544 Dentibus
454 3507 493 3545 cx
514 3485 577 3544 illis
599 3508 677 3566 quos
700 3487 797 3546 mittit
818 3495 908 3567 porta
929 3488 1046 3567 Syenes

282 3579 321 3638 Et
342 3581 443 3640 Mauri
465 3582 579 3642 celeres
601 3591 632 3643 et
653 3583 763 3643 Mauro
785 3584 944 3643 obscurior
967 3582 1071 3654 Indus,

282 3676 321 3736 Et
342 3699 419 3758 quos
441 3678 584 3759 deposuit
606 3680 775 3740 Nabathaeo
797 3680 887 3740 belua
909 3681 999 3740 saltu.

663 3897 696 3911 -
716 3869 818 3920 i'lb'-
