2678 4250
362 155 448 214 284.
467 155 516 210 Le
534 153 620 210 luxe
639 155 665 210 a
681 155 804 210 Rome.

387 398 445 484 (De
466 401 607 460 Romana
629 395 782 482 luaeuria.)

132 733 227 794 Video
253 756 336 795 nunc
366 736 447 816 apud
468 735 581 796 divites
600 743 722 795 nostros
743 733 930 794 elaboratam
957 753 1087 814 scrupu·
1111 722 1153 791 θ’

100 827 154 890 losa
169 831 365 892 distinctione
382 832 579 905 testudinem,
597 839 627 892 et
646 832 887 891 foedissimorum
904 829 1087 911 pigerrimo-

101 947 217 1008 rumque
241 929 418 988 animalium
446 937 550 1002 testaS,
578 928 755 1007 ingentibus
779 928 885 1008 pretiis
902 933 1031 1006 emptas,
1054 925 1086 984 in

100 1023 200 1101 quibus
223 1025 289 1104 ipsa
314 1025 375 1098 illa,
403 1047 471 1106 quae
495 1026 605 1105 placet,
629 1026 774 1100 varietas
793 1024 925 1084 subditis
951 1023 1087 1082 medica·

100 1121 211 1193 mentis,
241 1122 273 1180 in
293 1123 525 1182 similitudinem
549 1123 614 1182 veri
639 1122 805 1184 coloratur.
827 1121 925 1180 Video
954 1112 1085 1193 mensas,

33 1257 35 1268 .
100 1221 126 1273 et
142 1218 324 1278 aestimatum
340 1219 457 1298 lignum
478 1220 628 1278 senatoris
648 1240 753 1292 censu,
777 1240 813 1279 eo
831 1219 995 1298 pretiosius
1026 1237 1088 1298 quo

102 1311 165 1372 illud
179 1315 209 1372 in
224 1315 328 1394 plures
344 1316 442 1375 nodos
457 1316 574 1376 arboris
591 1316 756 1376 infelicitas
776 1317 877 1378 torsit.
893 1315 991 1374 Video
1006 1335 1089 1393 crys-

103 1409 206 1483 tallina,
244 1433 376 1492 quorum
408 1413 550 1472 accendit
583 1413 733 1491 fragilitas
763 1413 912 1494 pretium3
950 1412 1088 1471 omnium

102 1507 174 1566 enim
198 1529 300 1567 rerum
336 1510 478 1590 voluptas
511 1510 591 1590 apud
621 1510 781 1594 imperitos
809 1511 876 1590 ipso
903 1530 966 1588 quo,
989 1508 1089 1586 fugari

103 1600 184 1662 debet
205 1605 343 1685 periculo
367 1608 486 1666 crescit.
514 1607 613 1666 Video
644 1628 764 1668 murrea
815 1607 952 1687 pocula:
980 1625 1089 1687 parum

103 1699 208 1760 scilicet
221 1701 342 1761 luxuria
358 1723 467 1781 magno
484 1704 586 1776 fuerit,
604 1704 662 1762 nisi
683 1703 766 1783 quod
783 1711 912 1762 vomant
929 1701 1091 1782 capacibus

104 1799 221 1872 gemmis
240 1798 320 1858 inter
342 1820 372 1858 se
391 1801 635 1879 propinaverint.
656 1799 755 1858 Video
779 1800 920 1869 uniones
944 1820 1004 1858 non
1027 1798 1092 1857 sin·

105 1893 181 1968 gulos
208 1883 337 1972 singulis
361 1897 486 1956 auribus
512 1904 705 1976 comparatos
718 1896 802 1978 :jam
820 1897 901 1955 enim
915 1896 1091 1956 exercitatae

105 2009 182 2049 aures
202 1993 288 2051 oneri
308 1993 432 2051 ferendo
453 2002 538 2067 sunt3
556 1993 731 2072 junguntur
749 1993 830 2052 inter
849 1989 891 2066 se}
913 2000 944 2051 et
966 1992 1093 2071 insuper

105 2084 150 2143 alii
170 2087 247 2148 binis
258 2097 520 2170 superponuntur.
540 2091 608 2148 Non
624 2089 697 2148 satis
707 2089 863 2148 muliebris
875 2090 994 2149 insania
1007 2087 1092 2147 viros

105 2185 311 2264 superjecerat‚
324 2187 382 2244 nisi
397 2186 470 2245 bina
483 2207 518 2246 ac
528 2193 615 2246 terna
627 2187 812 2265 patrimonia
826 2187 951 2246 auribus
966 2185 1094 2264 singulis

106 2281 324 2358 pependissent.
357 2283 456 2343 Video
489 2284 600 2342 sericas
628 2291 730 2342 vestes
756 2283 794 2363 (si
820 2290 921 2342 vestes
946 2281 1093 2342 vocandae

106 2385 178 2452 sunt,
207 2380 239 2438 in
268 2380 380 2461 quibus
406 2381 483 2439 nibil
507 2387 553 2439 est
582 2400 644 2461 quo
657 2380 781 2440 defendi
808 2387 862 2440 aut
888 2400 1011 2459 corpus,
1042 2386 1095 2439 aut

106 2471 227 2556 denique
241 2476 343 2556 pudor
362 2477 482 2560 possit),
499 2477 615 2555 ingenti
634 2498 752 2536 summa
766 2477 803 2537 ab
820 2477 934 2556 ignotis
951 2477 1095 2555 gentibus

108 2573 270 2635 accersitas.

158 2935 239 2994 285.
259 2935 527 2996 Deorolssanee
546 2941 595 2995 du
613 2939 698 2996 luxe
718 2951 806 2998 sous
823 2936 1043 3008 vespasien.

239 3164 441 3248 (Vespasiani
461 3166 651 3250 temporibus
672 3167 819 3229 exolescit
841 3168 957 3250 turus.)

148 3503 244 3569 Luxus
255 3533 379 3586 mensae‚
395 3513 485 3572 afine
502 3514 620 3596 Actiaci
638 3514 709 3572 belli
727 3514 765 3573 ad
785 3535 818 3573 ea
839 3534 921 3572 arma
942 3513 1009 3593 quis
1028 3514 1092 3573 Ser.
1108 3514 1167 3568 uh,

115 3597 202 3664 Galba
213 3627 310 3667 rerum
322 3609 451 3689 adeptus
464 3618 520 3681 est,
532 3632 586 3690 per
598 3632 695 3670 annos
707 3618 830 3669 centum
843 3611 977 3690 profusis
993 3631 1098 3689 sump-

115 3695 189 3759 tibus
204 3706 336 3780 exerciti,
352 3706 499 3787 paulatim
517 3707 687 3769 exolevere.
705 3709 820 3768 Causas
833 3708 899 3788 ejus
918 3707 1099 3773 mutationis

521 3925 557 3957 -ς
576 3897 626 3948 499
