2656 4258
407 209 539 261 voraces
556 223 591 260 ar
605 204 782 274 cumosrris.
801 237 838 248 -
853 223 889 262 ua
904 219 1061 276 cuurucnu

172 387 189 412 ἢ
221 330 332 420 ,ΒΘ-εἰει
346 331 532 412 adeuntibus
547 341 642 414 patet,
659 355 729 394 cum
745 311 889 414 capilluin
910 331 1007 414 pectit
1021 339 1112 414 atque
1126 340 1226 408 ornat3
1316 307 1317 398 l

233 435 310 490 tunc
322 417 470 512 responsa
489 430 705 509 legationibus
722 438 797 491 tunc
811 429 880 512 jura
900 430 1101 511 popularibus
1119 429 1227 490 reddit.

218 512 377 607 'Demptis
391 527 494 602 soleis,
510 527 657 589 o'doribus
676 527 841 601 illinuntur
859 527 962 608 pedes,
983 528 1122 587 Venatus
1135 525 1229 610 maxi-

128 702 131 706 .
233 641 301 695 mus
313 623 400 698 labor
409 623 584 703 est‚iqclusa
597 624 724 685 vivariis
734 624 877 685 animalia
888 625 969 684 inter
977 631 1051 684 vota
1062 631 1231 704 cantusque

214 707 378 800 'pellicum
411 721 519 801 figere3
553 721 661 782 binum
689 721 864 794 cubitorum
892 722 1013 801 sagittae
1039 726 1123 796 sunt,
1147 723 1231 802 “quas
1316 771 1317 782 ,

236 815 352 878 emittit
378 809 496 900 majore
516 819 586 878 nisu
605 840 699 900 quam
722 821 847 894 effectu;
869 819 987 900 quippe
1005 819 1113 893 telum,
1144 817 1233 899 cujus

216 900 269 973 ¹iu
292 914 427 976 'levitate
454 915 503 976 vis
525 917 626 978 omnis
657 923 714 992 est,
743 897 873 976 inhaliili
905 916 1042 997 pondere
1061 919 1232 994 oneratur.

215 997 384 1085 'Breviora
402 1009 513 1072 itinera
530 1032 610 1092 equo
627 1013 767 1087 coniicit3
789 1012 911 1092 longior
930 1012 983 1072 ubi
1001 1010 1155 1094 expeditio
1173 1017 1232 1092 est,

217 1093 224 1132 ⁵
234 1106 392 1189 elephanti
413 1108 533 1168 vehunt
546 1129 680 1184 currum,
698 1117 729 1170 et
743 1116 904 1186 'tantarum
924 1108 1084 1170 beluarum
1102 1128 1234 1190 corpora

219 1189 298 1265 'tota
313 1211 483 1285 contegunt
495 1225 584 1268 auro.

423 1417 426 1424 ,
449 1381 533 1440 215.
552 1385 602 1440 Le
621 1381 754 1452 rivago
772 1384 819 1440 de
837 1347 1015 1442 Formies.
1060 1421 1062 1424 -

434 1482 440 1519 ³
525 1486 583 1570 (Dc
601 1485 805 1549 Formiarum
827 1486 940 1570 litore.)

219 1675 222 1682 .
244 1677 247 1682 .
353 1628 378 1688 Ο
400 1636 578 1709 temperatae
596 1627 685 1689 dulce
707 1629 731 1688 F
733 1628 839 1690 ormiae
861 1629 945 1700 litus,

254 1729 258 1734 ’
351 1725 428 1800 Vos,
450 1745 521 1786 cum
542 1725 641 1785 severi
662 1726 743 1805 fugit
762 1726 913 1806 oppidum
934 1726 1045 1786 Martis

310 1897 312 1902 ι
351 1820 392 1883 Et
412 1822 565 1903 inquietas
587 1823 685 1882 lessus
707 1822 793 1908 exuit
813 1843 913 1896 curas,

351 1918 539 1998 Apollinaris
560 1918 704 1979 omnibus
725 1919 959 2001 locispraefert.

294 2065 295 2069 ,
318 2062 321 2074 .
351 2015 422 2076 Non
443 2015 494 2077 ille
516 2023 630 2076 sanctae
652 2014 741 2076 dulce
762 2017 858 2076 Tibur
880 2017 994 2091 uxoris,

219 2157 222 2164 -
352 2111 417 2194 Nec
436 2112 627 2192 Tusculanos
648 2112 816 2196 Algidosve
838 2133 987 2189 secessus,

217 2273 219 2276 ¹
243 2255 246 2260 .
352 2207 506 2268 Praeneste
528 2229 585 2268 uec
606 2209 649 2268 sic
670 2210 861 2291 Antiumque
882 2211 1021 2270 miratur.

287 2334 304 2391 ,τ
352 2305 412 2366 Hic
433 2317 553 2365 summa
574 2306 635 2365 leni
657 2308 821 2386 stringitur
840 2307 946 2368 Thetis
967 2313 1074 2381 vento,

351 2402 417 2463 Nec
437 2401 564 2481 languet
585 2423 702 2483 aequ0r‚
725 2405 796 2463 viva
818 2404 871 2463 sed
893 2404 980 2485 quies
1001 2405 1088 2484 ponti

351 2499 470 2580 Pictam
492 2500 642 2580 phaselon
664 2500 832 2582 adjuvante
852 2501 914 2561 lert
933 2521 1019 2562 aura,

351 2596 502 2657 Necseta
523 2597 616 2675 longo
637 2598 750 2678 quaerit
770 2597 801 2656 in
823 2598 900 2656 mari
920 2581 1067 2678 praedam,

268 2761 272 2773 ς
351 2693 412 2773 Sed
434 2682 450 2752 e
471 2693 593 2773 cubiclo
614 2694 790 2773 lectuloque
807 2693 957 2774 jactatam

352 2789 515 2870 Spectatus
536 2789 597 2849 alte
618 2791 730 2849 lineam
753 2790 849 2849 trahit
869 2790 972 2870 piscis.

273 2907 277 2963 2
352 2885 531 2967 Siquando
553 2887 671 2946 Nereus
693 2887 788 2946 sentit
808 2887 891 2946 AEoli
913 2906 1052 2964 regnum,

352 2982 446 3042 Ridet
467 2982 617 3063 procellas
639 2991 705 3043 tuta
727 2983 765 3042 de
779 2983 843 3042 ¹suo
865 3003 970 3042 mensa
993 3001 1000 3044 :

352 3078 474 3141 Piscina
496 3079 659 3139 rhombum
681 3080 781 3161 pascit
801 3086 834 3139 et
853 3079 942 3159 lupos
964 3100 1085 3152 vernas,

352 3177 448 3238 Natat
469 3174 507 3236 ad
529 3177 709 3254 magistrum
733 3176 863 3236 delicata
883 3196 1033 3250 muraena,

352 3273 393 3335 Et
412 3274 520 3335 adesse
538 3273 617 3354 jussi
639 3273 796 3353 prodeunt
818 3293 905 3331 senes
926 3272 1025 3332 mulli.

257 3398 259 3403 ·
352 3371 425 3431 Frui
448 3369 502 3430 sed
524 3371 590 3428 istis
612 3369 746 3449 quaudo,
771 3367 881 3444 Roma,
899 3369 1076 3449 permittis?

317 3535 322 3540 ¹
350 3467 433 3536 Quot
455 3467 635 3526 Formianos
656 3465 789 3547 imputat
809 3466 874 3526 dies
895 3487 994 3526 annus

350 3562 527 3643 Negotiosis
548 3562 640 3622 rebus
662 3563 748 3622 urhis
769 3562 924 3624 haerenti?

214 3691 230 3698 .,
253 3642 280 3666 ⁵
350 3659 376 3721 0
395 3660 545 3739 janitores
566 3659 713 3740 vilicique
735 3660 855 3720 lelicesl

275 3789 277 3794 v
350 3747 492 3816 Dominis
514 3763 662 3834 parantur
682 3757 752 3829 ista,
774 3756 913 3815 serviunt
933 3757 1032 3817 vobis.

635 3911 809 3992 ·-uo'-
