2656 4258
22 1223 26 1248 t

11 1195 25 1306 l

12 1059 25 1102 έν

12 1107 29 1192 {t

23 1239 36 1284 u}

11 1285 51 1340 st

11 1331 46 1382 su?-

14 1405 38 1450 22²3:

14 1471 34 1502 :3¹¹¹

14 1509 18 1532 '1

12 1619 21 1632 1.

12 1737 19 1836 ἓ.

19 1939 20 1948 ,

14 2053 17 2062 .

13 2231 17 2240 .

17 2251 18 2260 ,

14 2359 17 2372 Ι

11 1339 32 1372 iti!

11 1375 35 1412 qe

11 1417 20 1442 b

11 1443 16 1474 l

10 1519 16 1576 l

10 1575 17 1598 t

10 1601 15 1612 te

10 1621 11 1626 i
24 1621 27 1628 t

10 1627 17 1650 b

10 1689 23 1706 y,

10 1709 17 1736 t

10 1751 12 1770 l

10 1777 13 1786 v

9 1787 12 1810 t

9 1817 15 1896 l

9 1903 21 1960 [a

9 1965 18 2044 l

8 2047 24 2112 l

8 2123 16 2144 ll*

8 2145 17 2162 a*
29 2159 30 2162 ,

8 2167 17 2192 r'

8 2209 13 2228 l

8 2249 18 2352 l

8 2357 16 2408 q

408 183 539 236 voxxoxs
550 183 586 220 er
601 167 778 222 cumosrads.
808 197 846 206 -
861 183 895 220 xx
911 181 1063 219 cnurxous

225 294 316 374 ejecit
331 296 424 374 atque
439 294 563 355 extulit.
587 298 632 354 Ac
652 315 690 352 ne
712 293 763 352 ille
778 293 900 374 quidem
919 293 985 352 loca
1002 291 1081 350 malo
1106 311 1236 350 vacave-

174 437 176 444 ,
225 398 307 458 runt.
329 391 456 470 adquae
475 412 538 450 non
565 391 702 451 ascendit
723 391 831 448 amnis.
856 390 933 447 Nam
958 409 1015 468 pro
1037 408 1125 447 amne
1137 386 1237 446 imber

224 487 369 546 assiduus
382 495 413 547 et
433 487 545 567 dejecti
562 487 697 546 nubibus
716 486 872 560 turbines;
902 494 1029 566 proruta
1052 505 1146 565 opera
1167 484 1236 564 qui-

224 582 281 642 bus
303 584 436 663 pretiosa
452 605 524 643 rura
545 585 727 662 cinguntur3
745 591 887 664 quassata
898 591 989 662 atque
1000 582 1092 642 etiam
1106 582 1236 640 decussa

224 689 433 740 monumenta.
466 680 564 740 Multi
594 680 745 760 ejusmodi
777 680 898 738 casibus
924 679 1088 748 debilitati,
1117 677 1234 748 obruti,

224 776 343 846 obtriti,
366 785 500 836 etaucta
516 776 656 836 luctibus
669 777 792 836 damna.
815 777 860 834 Ne
873 776 946 856 quid
968 776 1067 834 simile
1089 775 1158 834 istic
1176 795 1236 854 pro

224 893 367 934 mensura
389 873 518 952 periculi
545 895 663 942 vereor,
692 882 787 951 teque
811 893 897 950 rog0‚
935 873 959 932 si
986 872 1062 930 nibil
1091 871 1150 930 tale
1175 879 1235 940 est,

224 989 316 1049 quam
344 969 548 1028 maturissime
577 970 779 1030 sollicitudini
807 990 881 1027 meae
901 967 1058 1040 consulas3
1082 968 1182 1030 sedet
1204 969 1236 1026 si

224 1066 295 1135 tale,
326 1065 358 1123 id
394 1087 517 1146 quoque
547 1067 682 1126 nunties.
714 1067 792 1125 Nam
820 1065 944 1145 paulum
972 1065 1074 1125 dillert
1103 1065 1238 1144 patiaris

225 1161 354 1221 adversa
369 1183 408 1221 an
423 1171 597 1241 exspectes:
618 1163 675 1221 nisi
692 1163 777 1244 quod
793 1171 894 1221 tamen
908 1170 956 1220 est
969 1161 1094 1220 dolendi
1110 1162 1236 1234 modus,

224 1266 355 1317 nonest
381 1259 522 1318 timendi.
551 1258 666 1318 Doleas
694 1259 776 1318 enim
799 1265 950 1339 quantum
975 1258 1053 1316 scias
1075 1257 1237 1330 accidisse,

225 1354 336 1415 timeas
352 1363 502 1436 quantum
518 1355 616 1434 possit
631 1356 780 1416 accidere.

558 1613 643 1670 207.
661 1614 709 1669 Le
735 1611 897 1669 Stmoun.

378 1732 592 1814 (Describitur
611 1741 776 1814 tempestas·
792 1733 824 1792 in
839 1733 969 1794 desertis
985 1733 1079 1814 orta.)

160 1899 199 1962 2⁰
225 1909 274 1969 Sic
295 1909 400 1968 orbem
422 1915 592 1990 torquente
615 1910 698 1968 Noto
721 1909 859 1968 Romana
885 1910 1035 1990 juventus

225 2005 410 2080 Procubuit,
434 2013 636 2085 metuensque
658 2006 722 2085 rapi
746 2006 930 2065 constrinxit
951 2006 1091 2074 amictus

225 2103 423 2183 Inseruitque
445 2123 555 2161 manus
578 2110 676 2161 terrae
700 2121 707 2162 :
731 2124 787 2161 nco
809 2103 944 2181 pondere
966 2101 1042 2175 solo,

225 2199 284 2257 Sed
307 2200 375 2258 nisu
395 2199 505 2279 jacuit,
531 2199 581 2256 vix
604 2199 647 2258 sic
669 2199 835 2258 immobilis
856 2202 982 2270 Austro,

225 2296 286 2362 Qui
309 2317 400 2375 super
421 2296 563 2372 ingentes
586 2295 725 2354 cumulos
748 2295 879 2354 involvit
901 2316 1021 2368 arenae,

224 2396 326 2471 Atque
348 2392 447 2470 operit
468 2390 581 2450 tellure
604 2393 700 2452 viros,
725 2392 784 2449 Vix
805 2391 914 2451 tollere
936 2392 1022 2450 miles
1091 2375 1093 2380 Ι

224 2488 362 2546 Membra
384 2486 476 2557 valet,
501 2488 599 2546 multo
621 2496 772 2566 congestu
794 2489 931 2567 pulveris
953 2488 1091 2549 haerens,

224 2584 353 2664 Adligat
375 2591 406 2642 et
427 2593 544 2643 stantes
566 2585 691 2644 adlusae
713 2606 843 2663 magnus
865 2607 975 2644 arenae

223 2684 335 2758 Agger,
360 2689 391 2739 et
412 2682 532 2739 immoti
555 2689 635 2739 terre
658 2689 803 2760 surgente
826 2689 983 2742 tenentur.

224 2778 302 2837 Saxa
323 2777 396 2836 tulit
418 2778 544 2857 penitus
565 2777 710 2836 discussis
732 2786 859 2858 proruta
881 2778 977 2836 muris

225 2875 409 2953 Effuditque
431 2875 548 2953 procul,
572 2874 712 2933 miranda
734 2883 816 2934 sorte
838 2874 988 2933 malorum
1012 2893 1019 2933 t

224 2971 283 3038 Qui
306 2971 407 3030 nullas
431 2971 537 3029 videre
559 2971 677 3044 domos,
702 2971 806 3029 videre
829 2971 945 3030 ruinas.

223 3068 355 3147 Jamque
377 3069 435 3126 iter
456 3089 548 3126 omne
569 3068 647 3127 latet
670 3087 677 3128 τ
701 3089 757 3126 nec
779 3074 851 3126 sunt
872 3067 1048 3126 discrimina
1070 3075 1174 3128 terrae

162 3181 164 3186 ’
225 3165 304 3239 Ulla,
329 3165 387 3224 nisi
410 3151 688 3230 aetheriaemedio
711 3165 796 3223 velut
818 3165 1123 3242 aequore‚llammae.

224 3261 387 3320 Sideribus
410 3282 522 3320 novere
544 3262 608 3319 vias
632 3281 638 3321 ς
663 3281 719 3319 nec
741 3261 840 3319 sidera
862 3266 935 3318 nota

225 3358 371 3417 Ostendit
394 3357 525 3438 Libycae
547 3358 652 3416 finitor
672 3358 805 3415 circulus
827 3377 908 3430 orae,

224 3454 389 3533 Multaque
412 3454 528 3513 devexo
552 3462 701 3512 terrarum
724 3453 861 3530 margine
887 3454 976 3512 celat.

225 3552 328 3631 thue
350 3551 433 3609 calor
454 3551 549 3608 solvit
571 3572 660 3630 quem
684 3557 815 3608 torserat
836 3570 904 3608 aera
926 3555 1047 3621 ventus,

225 3648 434 3726 Incensusque
462 3646 539 3718 dics,
563 3653 688 3705 manant
710 3645 875 3704 sudoribus
897 3654 981 3704 artus
1004 3664 1011 3707 :

223 3748 321 3803 Arent
341 3764 394 3802 ora
416 3743 486 3803 siti.

648 3903 805 3954 -144-
