2682 4258
510 181 546 220 ιΑ
567 181 613 218 vis
634 165 735 220 cnivis
757 183 809 221 nss
830 184 957 222 nonnius

234 289 326 350 habet
338 299 368 350 et
382 312 497 351 annum
512 293 643 352 circuitu
665 314 721 353 suo
740 295 866 369 claudit,
882 295 965 376 quod
983 317 999 354 a
1024 296 1157 354 solstitio
1171 304 1234 356 sta-

233 394 299 445 tum
314 388 442 448 inclinat
455 398 486 448 et
504 389 556 449 dat
571 391 714 450 noctibus
728 392 874 471 spatium,
889 393 973 471 quod
988 392 1090 452 sidera
1106 392 1238 452 abscon-

233 484 290 560 dit,
307 486 390 565 quod
404 494 512 557 terras,
540 508 610 571 cum
635 495 722 548 tanto
748 489 848 569 major
872 489 912 548 sit
926 488 995 562 illis,
1013 511 1075 548 non
1099 491 1172 564 urit,
1185 489 1238 548 sed

219 582 365 642 calorem
376 604 465 642 suum
485 584 712 643 intensionibus
729 606 765 644 ac
783 586 1016 645 remissionibus
1034 586 1239 666 temperando

233 677 328 754 lovct,
354 681 438 760 quod
460 681 564 740 lunam
590 703 758 762 numquam
774 683 893 762 implet,
911 684 969 742 nisi
989 683 1149 743 adversam
1165 683 1238 755 sibi,

233 797 332 855 neque
341 777 505 837 obscurat?
515 778 599 836 Haec
611 785 712 837 tamen
722 799 784 838 non
795 779 992 852 adnotamuS,
1001 780 1149 860 quamdiu
1160 779 1241 838 ordo

232 881 383 932 servatur.
401 874 432 932 Si
448 874 521 955 quid
537 875 696 934 turbatum
720 884 765 935 est
786 897 821 935 ac
841 884 962 955 praeter
980 876 1241 936 consuetudinem

233 970 369 1042 emicuit,
406 978 591 1050 spectamus
629 973 866 1050 interrogamus,
897 973 1087 1032 ostendimus
1120 992 1127 1034 :
1159 973 1242 1033 adeo

213 1132 217 1138 ,
233 1067 371 1126 naturale
381 1074 428 1126 est
442 1069 538 1146 magis
553 1089 633 1128 nova
649 1089 741 1150 quam
758 1090 868 1149 magna
884 1070 999 1130 mirari.

341 1287 424 1346 421.
447 1289 521 1358 Que
540 1302 632 1346 nous
652 1302 791 1347 savons
811 1303 881 1361 peu
901 1291 946 1348 de
964 1289 1119 1348 choses!

385 1391 495 1474 (Quam
516 1393 630 1476 eurique
652 1401 698 1454 est
719 1394 880 1476 hominum
902 1393 1033 1454 scientia
1048 1393 1071 1475 l)

165 1583 221 1642 nh.
274 1588 344 1648 Non
357 1589 459 1648 omnia
477 1590 560 1649 Deus
577 1589 694 1649 homini
715 1591 798 1650 lecit.
815 1590 914 1657 Quota
934 1610 1004 1669 pars
1028 1590 1131 1670 operis
1155 1591 1239 1649 tanti

232 1693 321 1753 nobis
334 1695 563 1754 committitur?
576 1695 644 1774 lpse
664 1695 716 1775 qui
740 1716 775 1755 ea
800 1703 922 1769 tractat,
940 1696 993 1777 qui
1013 1695 1165 1766 condidit,
1183 1697 1239 1776 qui

231 1797 332 1851 totum
348 1791 406 1850 hoc
424 1792 567 1850 fundavit
581 1792 728 1870 deditque
752 1793 832 1852 circa
853 1805 895 1864 se,
919 1793 1017 1873 major
1036 1813 1106 1872 pars
1132 1793 1240 1873 operis

231 1888 279 1947 sui
309 1909 344 1947 ac
359 1888 477 1961 melior,
495 1889 601 1967 effugit
629 1889 746 1962 oculos
782 1890 970 1968 cogitatione
994 1889 1140 1948 visendus
1175 1896 1237 1950 est.

231 1989 330 2049 Multa
346 1997 493 2070 praeterea
509 1999 639 2068 cognata
656 1991 775 2049 numini
790 2012 910 2050 summo
927 1998 959 2049 et
978 1991 1109 2050 vicinam
1125 1991 1238 2050 sortita

230 2087 400 2166 potentiam
416 2087 544 2146 obscura
560 2096 642 2147 sunt.
661 2091 725 2146 Aut
741 2089 880 2158 sortasse,
896 2088 979 2168 quod
994 2088 1090 2166 magis
1101 2088 1235 2162 mireris,

230 2182 336 2242 oculos
360 2170 481 2242 nostros
505 2192 536 2242 et
561 2184 692 2264 implent
718 2192 750 2243 et
776 2184 947 2262 effugiunt:
977 2185 1041 2242 sive
1067 2184 1126 2242 illis
1147 2191 1237 2242 tanta

230 2279 382 2338 subtilitas
402 2288 449 2338 est
468 2289 614 2360 quantam
632 2282 780 2360 consequi
799 2281 879 2339 acies
892 2281 1025 2340 humana
1044 2301 1105 2338 non
1123 2281 1234 2360 possit,

230 2376 497 2435 siveinsanctiorc
513 2398 633 2435 secessu
650 2379 793 2456 majestas
809 2385 893 2437 tanta
911 2378 1043 2450 delituit,
1061 2385 1091 2436 et
1103 2397 1235 2454 regnum

230 2493 330 2544 suum,
352 2473 381 2531 id
410 2481 457 2532 est
484 2495 515 2532 se
540 2475 629 2551 regit,
652 2495 708 2532 neo
729 2474 782 2532 ulli
808 2475 922 2533 aditum
952 2475 1005 2533 dat
1033 2474 1091 2532 nisi
1116 2474 1233 2534 animo.

230 2569 309 2636 Quid
331 2569 369 2628 sit
394 2570 462 2642 hoc,
484 2571 549 2628 sine
564 2593 626 2650 quo
649 2571 726 2629 nihil
748 2578 804 2640 est,
829 2572 906 2630 scire
920 2592 981 2630 non
997 2591 1161 2650 possumus
1178 2588 1185 2629 ε
1204 2579 1237 2629 et

230 2668 386 2737 miramur,
404 2667 428 2725 si
444 2688 521 2747 quos
541 2667 692 2746 igniculos
716 2689 824 2747 parum
840 2669 994 2740 novimus,
1011 2687 1080 2726 curn
1098 2667 1234 2726 maxima

228 2785 299 2844 pars
320 2764 426 2822 mundi
452 2765 535 2823 Deus
558 2764 675 2824 lateat?
690 2765 787 2832 Quam
814 2765 909 2823 multa
934 2765 1077 2824 animalia
1095 2763 1154 2822 hoc
1168 2764 1232 2842 pri-

228 2882 312 2920 mum
328 2861 530 2938 cognovimus
545 2862 678 2920 saeculo‘?
694 2868 725 2920 et
741 2863 866 2942 quidem
891 2862 987 2922 multa
1004 2860 1157 2920 venientis
1172 2861 1232 2918 aevi

228 2958 360 3038 populus
382 2959 486 3035 ignota
514 2959 604 3016 nobis
626 2959 711 3018 sciet.
735 2959 834 3018 Multa
859 2959 978 3018 saeculis
1006 2966 1081 3017 tunc
1104 2957 1231 3030 futuris,

227 3075 297 3114 cum
313 3055 458 3113 memoria
479 3055 574 3112 nostri
595 3055 774 3126 exoleverit,
810 3062 1016 3116 reservantur.
1044 3053 1157 3113 Pusilla
1184 3075 1233 3112 res

228 3152 361 3211 mundus
397 3158 452 3223 est,
472 3152 530 3209 nisi
555 3151 586 3208 in
614 3151 677 3223 illo,
701 3153 783 3232 quod
815 3159 941 3231 quaerat,
967 3152 1067 3210 omnis
1095 3150 1233 3209 mundns

228 3248 349 3308 habeat.
368 3249 436 3306 Non
454 3248 547 3307 semel
563 3248 704 3326 quaedam
721 3270 804 3308 sacra
819 3249 992 3308 traduntur.
1025 3248 1149 3307 Eleusin
1168 3268 1233 3306 ser-

227 3352 279 3403 vat
304 3345 385 3424 quod
411 3345 553 3403 ostendat
573 3345 790 3404 revisentibus.
814 3347 929 3405 Rerum
950 3353 1059 3404 natura
1075 3331 1161 3404 sacia
1176 3365 1232 3403 sua

227 3463 289 3500 non
303 3441 395 3500 semel
409 3443 513 3503 tradit.
533 3442 672 3500 lnitiatos
686 3463 741 3500 nos
757 3443 909 3501 credimus
925 3462 931 3516 ;
946 3443 976 3500 in
993 3441 1147 3500 vestibulo
1163 3441 1232 3521 ejus
1302 3463 1305 3466 ·

228 3539 387 3596 haeremus.
402 3538 457 3597 llla
471 3559 581 3596 arcana
596 3559 658 3596 non
675 3540 849 3618 promiscue
865 3560 920 3598 nec
936 3538 1079 3598 omnibus
1094 3543 1205 3617 patent
1222 3557 1231 3598 ε

226 3635 353 3693 reducta
368 3641 399 3692 et
413 3635 559 3693 interiore
575 3637 708 3695 sacrario
726 3637 828 3695 clausa
845 3642 927 3695 sunt.
951 3637 995 3694 Ex
1011 3635 1124 3715 quibus
1144 3634 1230 3694 aliud

227 3730 293 3790 haec
307 3738 392 3802 aetas,
409 3730 491 3789 aliud
506 3753 575 3811 quae
590 3739 661 3810 post
675 3753 732 3792 nos
745 3733 861 3792 subibit
875 3733 1030 3813 dispiciet.

646 3938 675 3948 -
700 3909 804 3961 304-
