2682 4258
370 231 371 234 ,
424 198 549 250 nouam.
572 213 611 224 -
633 197 818 236 ruinosoruin

404 471 489 530 445.
517 473 572 527 La
595 468 840 540 temperante.

470 617 527 702 (De
549 619 780 706 temperantia.)

161 953 249 1022 Quod
276 953 300 1012 si
331 954 425 1014 vitam
450 975 573 1013 omnem
600 953 772 1035 perturbari
802 954 944 1015 videmus
965 975 1068 1014 errore
1091 959 1178 1016 etan

120 1046 294 1120 inscientia,
308 1050 552 1132 sapientiamque
568 1072 633 1111 esse
648 1051 755 1124 solam,
772 1073 841 1132 quae
857 1073 912 1112 nos
927 1073 944 1112 a
958 1051 1122 1111 libidinum

121 1147 239 1228 im'petu
251 1153 282 1207 et
296 1169 313 1207 a
329 1148 527 1207 formidinum
545 1155 660 1208 terrore
673 1149 820 1221 vindicet,
839 1156 871 1208 et
882 1149 978 1229 ipsius
991 1149 1124 1209 fortunae
1315 1131 1318 1208 l

1317 1239 1319 1264 l

123 1245 242 1303 modice
259 1244 337 1304 ferre
355 1245 464 1304 doceat
479 1245 618 1325 iujurias,
635 1252 666 1304 et
684 1266 791 1304 omues
810 1253 961 1304 monstret
976 1245 1042 1304 vias
1056 1265 1126 1325 quae

112 1339 160 1409 ‚ad
174 1341 308 1421 quietem
322 1348 353 1400 et
367 1341 620 1422 tranquillitatem
634 1343 733 1402 ferant
749 1361 755 1402 :
772 1342 847 1422 quid
871 1348 918 1401 est
933 1363 988 1404 cur
1004 1341 1127 1400 dubite-

123 1459 192 1497 mus
207 1439 309 1498 dicere
322 1446 353 1498 et
368 1440 549 1518 sapientiam
565 1447 692 1519 propter
706 1438 892 1519 voluptatem
910 1439 1124 1518 expetendam,
1186 1445 1190 1453 ’

121 1542 154 1594 et¹
167 1533 377 1614 insipientiam
393 1543 519 1616 propter
534 1535 689 1596 molestias
704 1557 769 1595 esse
787 1536 962 1615 fugiendam
974 1526 1133 1615 tTempe-¹

121 1633 222 1692 cantia
233 1640 280 1691 est
292 1633 385 1699 enim,
398 1654 467 1714 quae
480 1633 512 1691 in
523 1631 614 1692 rebus
624 1642 678 1694 aut
688 1633 879 1713 expetendis,
894 1640 948 1692 aut
958 1632 1126 1711 fugiendis,

121 1730 271 1788 rationem
291 1737 326 1789 ut
344 1751 509 1809 sequamur
520 1739 638 1790 monet.
653 1729 717 1789 Nec
734 1730 815 1789 enim
835 1731 908 1789 satis
928 1738 974 1790 est
986 1729 1127 1811 judicare

120 1825 199 1907 quid
225 1825 411 1900 faciendum,
438 1847 498 1885 nou
526 1826 741 1887 faciendumve
762 1827 825 1900 ‘sit3
856 1827 909 1885 sed
930 1835 1012 1886 stare
1034 1827 1126 1885 etiam

119 1929 246 2002 oportet
270 1923 301 1982 in
322 1943 357 1982 eo
380 1923 463 2003 quod
487 1924 512 1982 si
533 1924 717 2004 judicatum.
740 1923 882 2004 Plerique
904 1931 1016 1997 autem,
1042 1923 1125 2003 quod

123 2029 229 2078 tenere
244 2027 337 2099 atque
352 2011 473 2080 servare
488 2019 520 2078 id
535 2020 616 2100 quod
638 2021 697 2101 ipsi
718 2027 892 2080 statuerunt
907 2041 968 2079 non
984 2028 1125 2100 possunt,

14 2183 15 2192 χ
122 2115 199 2174 victi
234 2123 264 2176 et
299 2116 450 2176 debilitati
476 2116 597 2197 objecta
626 2118 727 2197 specie
749 2117 918 2197 voluptatis
947 2119 1073 2176 tradunt
1095 2137 1135 2196 sev

14 2205 16 2300 J
123 2213 303 2273 libidinibus
323 2214 593 2292 constringendos
612 2236 667 2274 nec
693 2214 768 2295 quid
797 2213 983 2273 eventurum
1000 2213 1042 2274 sit
1057 2235 1135 2294 prn-¹

15 2303 17 2362 i
124 2306 242 2383 vident,
259 2310 299 2369 ob
314 2331 441 2390 eamque
456 2332 579 2369 causam
595 2318 723 2391 propter
737 2310 928 2390 voluptatem
942 2318 972 2370 et
988 2332 1126 2391 parvam,

16 2395 17 2420 l
117 2413 156 2469 'et
178 2427 240 2466 non
263 2409 475 2478 necessariam,
500 2416 530 2466 et
551 2429 620 2490 quae
641 2408 688 2466 vel
712 2407 801 2467 aliter
825 2414 996 2487 pararetur,
1015 2414 1046 2466 et
1067 2429 1128 2488 qua

121 2504 217 2563 etiam
237 2524 340 2562 carere
360 2512 486 2583 possent
506 2506 572 2571 siue
592 2504 710 2576 dolore,
728 2512 792 2569 tum
811 2499 842 2562 in
862 2506 986 2564 morbos
1006 2526 1126 2583 graves,
1227 2575 1230 2580 Δ

123 2599 248 2658 tum-iu
270 2601 392 2673 damna,
417 2609 483 2659 tum
507 2602 539 2659 in
559 2601 708 2661 dedecora
731 2603 908 2672 incurrunt;
935 2623 1017 2681 saepe
1035 2603 1127 2660 etiam

124 2697 227 2776 legum
237 2697 489 2776 judiciorumque
505 2699 605 2777 poeuis
621 2698 807 2776 obligantur.
822 2685 881 2765 Qui
893 2706 994 2757 autem
1009 2698 1051 2758 ita
1067 2699 1128 2756 frui

123 2795 236 2853 volunt
260 2793 484 2873 voluptatibus,
511 2802 546 2853 ut
564 2793 641 2853 nulli
663 2802 790 2874 propter
809 2815 859 2853 eas
879 2795 1000 2854 dolores
1024 2816 1129 2854 conse-

121 2896 271 2972 quantur,
286 2895 317 2949 et
332 2891 384 2971 qui
397 2912 487 2950 suum
498 2891 651 2971 judicium
667 2892 812 2963 retinent,
827 2913 865 2950 ne
879 2891 1039 2970 voluptate
1055 2892 1129 2951 victi

124 2989 242 3048 faciant
257 2987 288 3047 id
304 2987 388 3068 quod
404 2989 540 3047 sentiunt
558 3008 619 3047 uon
636 3009 701 3046 csse
714 2988 909 3048 faciendum:
934 2987 965 3045 hi
985 2989 1130 3069 volupta-

121 3095 187 3144 tem
224 3085 388 3144 maximam
419 3083 634 3164 adipiscuntur
662 3084 926 3164 praetermittenda
954 3085 1128 3164 voluptate.

122 3181 223 3240 lidem
247 3181 340 3240 etiam
365 3181 503 3240 dolorem
530 3201 612 3260 saepe
636 3180 863 3260 perpetiuntur,
886 3202 935 3255 ne,
959 3181 984 3238 si
1009 3180 1041 3238 id
1067 3201 1128 3239 non

25 3255 28 3354 ι;
121 3279 252 3348 faciant,
284 3277 421 3337 incidant
446 3279 478 3335 in
506 3276 665 3356 majorem.
696 3277 740 3335 Ex
767 3297 828 3355 quo
857 3277 1046 3354 intellegitur
1073 3298 1130 3338 nec
1233 3329 1237 3352 ,

27 3385 29 3402 '
121 3375 395 3454 intemperantiam
422 3382 549 3454 propter
577 3394 609 3432 se
642 3373 819 3452 fugiendam
849 3393 927 3446 esse,
958 3379 1131 3454 temperan·
1232 3367 1237 3412 ,¹

121 3473 262 3552 tiamque
277 3471 492 3551 expetendam,
510 3491 573 3529 nou
588 3470 660 3554 quia
675 3471 849 3550 voluptates
864 3470 975 3548 fugiat,
990 3471 1044 3529 sed
1058 3471 1131 3552 quia

120 3568 260 3649 majores
275 3577 495 3647 consequatur.
