2682 4258
302 209 438 248 territus,
463 223 499 234 ····
521 211 663 267 sciuncES.
685 225 725 267 Τ·
746 213 885 257 SAVANTS.
909 227 948 236 -·
970 212 1167 274 rmnosoeuus

366 603 451 663 428.
470 608 521 664 De
545 608 584 664 la
602 607 831 678 philosophie
851 609 897 664 de
917 609 1081 666 socrate.

483 772 541 856 (Dc
561 773 722 858 Socratica
739 773 967 857 philosophia.)

155 1059 213 1122 mg,
266 1047 406 1108 Socrates
424 1049 541 1129 primus
563 1049 736 1108 universam
762 1049 988 1130 philosophiam
1012 1048 1051 1108 ad
1067 1049 1236 1126 corrigen-

225 1143 281 1204 dos
295 1146 586 1226 componendosque
600 1166 700 1205 mores
716 1147 837 1206 flexisse
853 1153 1050 1218 memoratur,
1067 1167 1137 1205 cum
1153 1155 1233 1206 ante

223 1240 310 1301 illum
339 1262 445 1302 omnes
478 1243 574 1321 magis
600 1243 748 1323 physicis,
777 1243 808 1302 id
832 1251 879 1303 est
909 1243 1100 1302 naturalibus
1132 1242 1232 1303 rebus

221 1339 449 1418 perscrutandis
470 1361 594 1419 operam
619 1341 784 1399 maximam
804 1340 1028 1419 impenderent.
1048 1339 1119 1398 Non
1147 1341 1229 1399 mihi

221 1442 331 1494 autem
349 1435 474 1495 videtur
495 1457 583 1514 posse
607 1437 644 1495 ad
662 1436 813 1517 liquidum
829 1437 931 1514 colligi
947 1419 1049 1496 utrum
1068 1437 1226 1511 SocrateS,

221 1537 256 1589 ut
269 1531 327 1589 hoc
341 1532 465 1604 laceret,
484 1533 576 1592 taedio
588 1555 690 1592 rerum
709 1534 909 1614 obscurarum
931 1541 962 1592 et
981 1534 1168 1610 incertarum
1185 1534 1228 1592 ad

220 1627 338 1707 aliquid
359 1636 499 1707 apertum
517 1636 677 1691 etcertum
693 1631 1059 1710 reperiendumanimum
1079 1629 1223 1689 intende·

220 1724 272 1812 rit,
302 1724 386 1803 quod
411 1733 491 1785 esset
515 1727 613 1786 beatae
639 1727 713 1788 vitae
739 1727 957 1799 necessarium,
982 1734 1223 1806 propterquam

221 1841 312 1881 unam
341 1823 479 1882 omnium
510 1823 765 1903 philosophorum
796 1823 974 1903 invigilasse
1002 1845 1037 1882 ac
1065 1823 1224 1883 laborasse

219 1917 343 1977 videtur
356 1919 530 1992 industria;
547 1942 586 1980 an
611 1941 696 1994 veru,
723 1922 802 1979 sicut
817 1921 854 1979 de
870 1921 923 1979 illo
942 1920 1067 2000 quidam
1087 1921 1225 1979 benevo-

219 2014 332 2075 lentius
346 2017 552 2095 suspicantur,
569 2017 702 2077 noluerit
721 2017 898 2076 immundos
920 2017 1050 2076 terrenis
1070 2016 1224 2096 cupidita-

218 2111 302 2170 tibus
315 2112 432 2170 animos
447 2133 479 2170 se
491 2115 653 2172 extendere
666 2115 698 2172 in
710 2114 814 2173 divina
828 2113 932 2196 conari
945 2133 951 2173 ι
969 2112 1222 2192 quandoquidem

218 2208 319 2272 abeis
339 2215 445 2268 causas
466 2231 569 2268 rerum
590 2211 716 2269 videbat
736 2211 861 2290 inquiri,
888 2231 964 2290 quas
990 2208 1103 2288 primas
1127 2217 1223 2287 atque

217 2325 352 2364 summas
376 2306 500 2364 nonnisi
521 2307 552 2365 iu
573 2307 663 2366 unius
683 2328 717 2366 ac
739 2308 851 2366 summi
879 2307 937 2366 Dei
959 2305 1121 2366 voluntate
1153 2327 1224 2367 esse

216 2401 371 2478 credebat.
403 2402 489 2462 Unde
518 2423 580 2462 non
604 2424 654 2462 eas
693 2403 823 2483 putabat
849 2404 907 2463 uisi
938 2403 1084 2462 mundata
1115 2411 1222 2464 mente

215 2517 306 2577 posse
332 2499 550 2579 comprehendi
576 2518 583 2560 :
614 2507 645 2559 et
672 2500 740 2559 ideo
765 2501 934 2580 purgandae
964 2500 1051 2558 bonis
1080 2499 1223 2559 moribus

216 2595 289 2654 vitae
319 2597 463 2655 censebat
489 2596 678 2668 instandum,
702 2604 735 2656 ut
762 2597 1007 2675 deprimentibus
1032 2596 1220 2655 libidinibus

215 2700 400 2752 exoneratus
414 2693 534 2751 animus
547 2693 678 2752 naturali
701 2694 806 2771 vigore
822 2695 852 2752 in
869 2702 982 2753 aeterna
998 2713 1029 2752 se
1049 2692 1219 2766 attolleret,

214 2797 418 2870 naturamque
439 2790 613 2869 incorporei
638 2798 668 2848 et
705 2790 966 2849 incommutabilis
989 2789 1126 2864 luminis,
1164 2790 1219 2848 ubi

214 2906 316 2946 causae
344 2886 481 2945 omnium
509 2887 659 2946 factarum
695 2895 873 2946 naturarum
906 2886 1058 2945 stabiliter
1091 2887 1218 2959 vivunt,

156 3047 159 3055 ,
214 2983 591 3063 intellegentiaepuritate
615 2985 818 3065 conspiceret.
852 2984 982 3043 Constat
1008 3003 1077 3042 eum
1113 2991 1218 3042 tamen

213 3080 425 3160 imperitorum
441 3081 602 3140 stultitiam
619 3083 696 3140 scire
714 3103 744 3140 se
760 3081 876 3162 aliquid
894 3081 1101 3160 opinantium,
1121 3080 1217 3138 etiam

212 3177 245 3236 iu
277 3177 351 3256 ipsis
384 3177 550 3237 moralibus
583 3179 824 3257 quaestionibus
858 3199 919 3258 quo
947 3185 1046 3236 totum
1075 3177 1216 3238 animum

217 3269 380 3337 'attendisse
396 3273 569 3344 videbatur,
585 3274 632 3334 vel
646 3276 785 3334 confessa
797 3275 969 3354 ignorantia
985 3295 1050 3344 sua,
1063 3273 1112 3332 vel
1126 3273 1218 3332 dissi-

212 3370 327 3430 mulata
341 3371 479 3445 scientia,
498 3369 601 3449 lepore
616 3372 746 3450 mirabili
756 3371 925 3430 disserendi
939 3371 1217 3430 acutissimaurba-

213 3465 310 3536 nitate
320 3468 451 3546 agitasse
459 3475 551 3547 atque
562 3489 708 3548 versasse.
725 3468 812 3528 Unde
828 3477 859 3528 et
868 3468 1030 3527 concitatis
1041 3467 1217 3528 inimicitiis

211 3563 401 3624 calumniosa
409 3565 621 3624 criminatione
632 3566 803 3648 damnatus,
811 3572 910 3623 morte
921 3565 1069 3623 multatus
1080 3571 1137 3623 est.
1153 3565 1216 3648 Sed

211 3681 281 3720 eum
306 3668 411 3740 postea
426 3662 477 3720 illa
498 3662 573 3739 ipsa,
592 3683 669 3741 quae
684 3661 807 3742 publice
817 3661 1027 3736 damnaverat,
1042 3661 1217 3721 Athenien-

210 3757 290 3818 sium
311 3758 419 3817 civitas
431 3758 553 3838 publice
569 3758 659 3819 luxit.

628 3943 788 3996 2310-
