2682 4258
96 181 188 238 rodeis.
206 213 244 224 -
258 184 375 238 rubrae.
391 213 429 224 -
444 183 619 245 deooueuca.
641 215 678 224 -—
695 201 856 240 onareuas
875 213 915 226 --
928 183 1077 238 audracus

287 389 370 450 392.
391 392 588 461 augement
607 404 672 449 sur
691 390 863 461 seneque.

283 589 285 594 Ι
377 504 435 584 (De
455 503 572 565 Seneca
588 504 775 588 judicium.)

27 641 28 654 ³
86 695 90 702 -
108 645 110 650 ’
126 654 209 713 Foret
225 654 396 734 optandum
413 676 501 734 pares
516 675 551 714 ac
566 654 673 714 saltem
687 655 844 736 proximos
858 654 902 713 illi
915 654 982 714 viro
997 653 1072 714 lieri.
1089 657 1144 714 mi.

89 750 140 810 Sed
155 750 295 831 placebat
308 759 436 831 propter
448 752 512 811 sola
528 752 614 824 vitia,
631 751 711 812 etad
729 772 763 812 ea
779 772 811 812 se
823 752 953 832 quisque
966 750 1077 828 dirige-

89 847 136 906 bat
144 847 323 926 effingenda,
337 869 405 926 quae
417 856 553 929 poterat,
566 849 689 921 deinde,
704 869 774 908 cum
787 869 819 907 se
825 848 959 930 jactaret
969 846 1078 907 eodem

88 943 171 1004 modo
186 944 299 1012 dicere,
319 946 466 1004 Senecam
481 945 660 1005 infamabat.
683 946 782 1026 Cujus
799 954 830 1004 et
844 945 949 1004 multae
962 943 1078 1024 alioqui

85 1049 113 1100 et
127 1062 241 1120 magnae
259 1043 392 1101 virtutes
412 1041 552 1102 luerunt:
572 1043 730 1121 ingenium
754 1043 842 1102 lacile
857 1050 888 1100 et
904 1042 1077 1122 copiosum,

85 1139 243 1217 plurimum
267 1139 373 1210 studii,
400 1139 494 1197 multa
520 1159 622 1198 rerum
646 1139 806 1217 cognitio:
832 1139 865 1198 in
889 1159 949 1219 qua
975 1146 1078 1197 tamen

84 1234 242 1314 aliquando
266 1234 305 1294 ab
328 1236 376 1295 his
403 1235 515 1315 quibus
538 1235 721 1317 inquirenda
744 1236 885 1316 quaedam
912 1234 1080 1295 mandabat

84 1331 225 1411 deceptus
238 1337 295 1390 est.
312 1332 470 1391 Tractavit
480 1332 574 1390 etiam
587 1353 709 1391 omnem
725 1333 788 1391 lere
799 1333 972 1391 studiorum
985 1340 1080 1391 mate·

83 1428 179 1488 riam:
205 1449 276 1488 nam
299 1435 331 1487 et
353 1429 510 1488 orationes
534 1429 600 1510 ejus
621 1437 652 1487 et
671 1437 814 1508 poemata
833 1437 862 1488 et
886 1429 1026 1508 epistulae
1048 1435 1081 1487 et

83 1525 189 1603 dialogi
207 1525 360 1586 feruntur.
382 1527 416 1584 ln
434 1525 631 1606 philosophia
650 1547 758 1605 parum
780 1525 922 1604 diligenS,
938 1525 1079 1603 egregius
1154 1583 1156 1586 .

83 1631 178 1681 tamen
205 1622 353 1681 vitiorum
380 1622 549 1682 insectator
574 1622 643 1682 luit.
668 1623 776 1681 Multae
804 1623 835 1681 in
866 1643 902 1681 eo
928 1622 1080 1702 claraeque

24 1733 25 1738 ’
84 1719 251 1792 sententiae,
268 1719 363 1777 multa
377 1719 470 1778 etiam
486 1713 606 1778 morum
618 1720 715 1797 gratia
731 1719 874 1798 legenda;
889 1719 942 1777 sed
957 1719 989 1776 in
1015 1718 1080 1776 elo-

82 1814 198 1893 quendo
222 1822 368 1894 corrupta
393 1816 549 1896 pleraque,
576 1823 669 1895 atque
687 1836 722 1874 eo
742 1815 975 1896 perniciossima
996 1814 1080 1895 quod

82 1910 234 1971 abundant
251 1911 393 1973 dulcibus
409 1912 504 1974 vitiis.
525 1912 625 1972 Velles
643 1933 711 1971 eum
735 1933 791 1971 suo
811 1912 935 1990 ingenio
953 1911 1078 1984 dixisse,

23 2083 24 2088 ἵ
82 2007 175 2066 alieno
185 2008 305 2089 judicio
320 2027 327 2068 :
342 2029 413 2067 nam
429 2009 454 2068 si
469 2009 572 2090 aliqua
587 2008 835 2088 contempsisset,
854 2009 878 2066 si
897 2029 959 2067 non
977 2008 1079 2090 omnia

23 2093 24 2102 ¹
82 2123 130 2163 sua
155 2111 297 2180 amasset,
328 2105 354 2164 si
384 2126 488 2165 rerum
513 2106 651 2187 pondera
675 2105 890 2165 minutissimis
919 2104 1080 2164 sententiis

23 2221 25 2278 l
84 2221 138 2260 non
149 2201 301 2280 fregisset,
316 2223 468 2262 consensu
483 2204 587 2282 potius
600 2203 791 2262 eruditorum
806 2223 897 2281 quam
913 2220 1080 2282 puerorum

23 2287 24 2300 ¹
83 2316 179 2358 amore
194 2299 458 2379 comprobaretur.
480 2300 595 2359 Verum
617 2301 661 2358 sic
683 2320 806 2379 quoque
820 2300 885 2381 jam
900 2299 1035 2358 robustis
1049 2304 1081 2358 et

82 2395 229 2454 severiore
250 2416 364 2473 genere
393 2397 467 2456 satis
495 2396 624 2456 firmatis
649 2396 808 2474 legendus,
837 2397 887 2456 vel
905 2396 974 2455 ideo
996 2395 1081 2476 quod

84 2509 219 2552 exercere
238 2499 344 2573 potest
361 2494 517 2573 utrimque
533 2493 697 2572 judicium.
717 2494 816 2552 Multa
835 2493 928 2565 enim,
948 2501 982 2552 ut
1003 2493 1079 2566 dixi,

82 2587 234 2662 probanda
261 2589 294 2647 iu
318 2609 365 2661 eo,
391 2590 489 2648 multa
515 2590 608 2648 etiam
632 2590 812 2650 admiranda
841 2599 936 2652 sunt:
969 2591 1081 2668 eligere

82 2683 168 2744 modo
188 2705 270 2745 curae
283 2685 339 2757 sit3
355 2685 438 2764 quod
450 2687 568 2745 utinam
581 2687 647 2766 ipse
661 2688 793 2748 lecisset.
809 2689 908 2767 Digna
924 2688 1006 2746 enim
1021 2687 1081 2747 fuit

81 2777 126 2838 illa
143 2789 253 2842 natura
270 2803 339 2863 quae
353 2783 478 2842 meliora
492 2783 595 2857 vellet,
613 2785 778 2864 quaequod
794 2785 894 2844 voluit
908 2784 1020 2843 ellecit.

204 2940 288 2998 393.
308 2927 418 2999 dolat
438 2943 483 2999 de
502 2943 542 2999 la
560 2944 728 2999 nouvelle
748 2942 954 3013 eloquence.

156 3043 213 3124 (De
236 3066 330 3104 novae
351 3045 537 3128 eloquentia
556 3046 665 3107 latitia
686 3054 716 3107 et
733 3046 999 3139 pulchritudine.)

116 3167 184 3227 dam
202 3169 291 3228 novis
313 3175 345 3227 et
363 3168 524 3249 exquisitis
544 3167 728 3250 eloquentiae
746 3169 908 3228 itineribus
925 3190 1003 3248 opus
1023 3176 1081 3242 est,

23 3319 24 3326 ,
80 3281 132 3339 per
148 3287 217 3345 quae
239 3273 343 3326 orator
365 3266 524 3325 fastidium
542 3267 662 3324 aurium
687 3266 823 3344 effugiat.
841 3266 1007 3326 Praecurrit
1024 3267 1084 3326 hoc

79 3365 216 3442 tempore
240 3364 338 3445 judex
366 3363 532 3435 dicentem,
554 3370 594 3436 et,
627 3363 686 3432 nisi
715 3371 770 3421 aut
799 3384 890 3422 cursu
918 3384 1084 3441 argumen-

79 3462 193 3533 torum,
210 3468 261 3519 aut
282 3461 385 3520 colore
408 3460 642 3533 sententiarum,
667 3467 720 3519 aut
736 3461 836 3519 nitore
858 3468 889 3519 et
910 3460 995 3520 cultu
1013 3461 1084 3520 des·

79 3553 266 3632 criptionum
288 3558 437 3616 invitatus
460 3566 490 3616 et
516 3565 680 3637 corruptus
711 3565 768 3625 est,
798 3565 958 3616 aversatur
979 3559 1082 3618 dicen·

80 3654 151 3712 lem.
180 3655 299 3732 Vulgus
331 3675 454 3735 quoque
476 3655 697 3727 assistentium,
729 3662 760 3713 et
781 3656 910 3714 affluens
932 3664 963 3715 et
985 3677 1084 3734 vagus

81 3748 203 3809 auditor
220 3752 357 3810 assuevit
374 3751 439 3833 jam
459 3752 581 3830 exigere
603 3752 743 3811 laetitiam
767 3760 798 3811 et
819 3753 1082 3833 pulchritudinem

489 3911 601 3969 ...aar
628 3945 668 3965 -.
