2678 4250
232 199 338 255 robam.
357 230 395 239 -
412 200 527 256 robrss.
543 231 581 241 -
597 199 771 262 dioousucs.
787 233 827 242 -
838 217 999 257 oaarsuns.
1016 207 1054 242 -'
1066 197 1219 255 asiniuus

122 389 126 400 ,
223 325 308 399 Sum,
332 327 441 400 fateor,
465 347 646 407 semperque
667 329 723 400 sui,
748 327 933 398 Callistrate,
958 347 1084 408 pauper,

263 422 323 481 Sed
346 443 407 482 non
428 424 579 484 obscurus
601 446 657 484 nee
678 425 756 484 male
778 432 870 486 notus
892 443 1001 505 eques;
1083 436 1085 440 '

163 509 165 516 ¹
224 520 284 578 Sed
306 528 371 579 toto
393 521 478 598 legor
503 520 576 580 orbe
603 522 747 602 frequens
768 530 800 581 et
820 522 935 581 dicitur
962 545 976 578 a
1005 521 1064 580 llic
1088 525 1135 579 est
1158 543 1189 596 u,

265 615 416 697 Quodque
438 617 515 675 cinis
537 617 655 698 pauciS,
679 618 739 677 hoc
760 618 836 677 mihi
857 617 922 678 vita
942 617 1040 678 dedit.

225 714 267 772 At
288 720 341 771 tua
363 713 502 772 centenis
524 713 710 773 incumbunt
730 721 812 774 tecta
833 714 998 789 columnis,

265 809 304 868 Et
325 808 485 868 libertinas
507 830 577 870 arca
598 810 733 888 flagellat
755 831 844 892 opes;

226 904 401 992 Magnaque
423 905 558 966 Niliacae
580 907 677 966 servit
698 907 754 966 tibi
776 907 863 986 gleba
879 909 1005 987 Syenes,

265 1001 386 1060 Tondet
407 1008 438 1061 et
458 1003 638 1062 innumeros
659 1003 777 1064 Gallica
799 1004 908 1063 Parma
930 1024 1047 1082 greges.

227 1098 295 1156 Hoc
316 1119 373 1177 ego
395 1106 489 1179 tuque
512 1118 641 1160 sumus:
664 1101 717 1158 sed
739 1100 923 1180 quodsum,
946 1120 1009 1160 non
1030 1105 1118 1180 potes
1140 1115 1230 1158 esse:

266 1194 313 1254 Tu
335 1196 418 1274 quod
439 1216 483 1270 es,
507 1216 523 1254 e
544 1196 661 1277 populo
683 1196 813 1276 quilibet
834 1217 901 1256 esse
922 1202 1035 1276 potest.

280 1359 363 1418 339.
384 1361 497 1419 Ovide
516 1364 682 1432 regrette
698 1364 742 1419 de
757 1376 803 1420 ne
815 1363 969 1433 pouvotr
982 1364 1117 1420 mettre
1131 1361 1173 1418 le,

370 1449 539 1524 decutere
554 1450 653 1508 main
668 1464 743 1509 aux
756 1450 1086 1520 Metamorphoses.

228 1545 391 1626 (Deplorat
405 1544 535 1606 Ouidius
546 1545 631 1627 quod
639 1545 704 1606 eibi
713 1567 867 1606 summam
881 1568 1008 1605 manum
1012 1541 1163 1628 poemati,
1176 1542 1236 1603 cui

287 1642 547 1724 Metamorphosis
562 1641 757 1716 inscribitur,
771 1641 930 1724 imponere
946 1662 1007 1703 non
1022 1639 1171 1722 licuerit.)

165 1773 204 1842 2⁰
230 1774 315 1833 llaec
336 1794 392 1852 ego
414 1773 585 1845 discedens,
609 1775 690 1834 sicut
711 1774 789 1834 bene
810 1775 908 1836 multa
928 1793 1079 1846 meorum,

270 1871 339 1950 lpse
361 1891 428 1930 mea
450 1871 539 1950 posui
562 1879 698 1930 maestus
720 1871 752 1930 in
774 1871 844 1949 igne
866 1891 959 1930 manu
982 1889 990 1931 ε

229 1966 286 2026 Vel
308 1968 390 2047 quod
412 1988 494 2026 eram
517 1967 634 2039 Musas,
658 1975 693 2026 ut
714 1968 842 2027 crimina
864 1975 981 2040 nostra,
1004 1985 1145 2046 perosus,

269 2065 324 2123 Vel
347 2063 430 2144 quod
446 2063 553 2122 adhuc
574 2084 714 2123 crescens
723 2071 767 2122 'et
787 2063 863 2122 rude
885 2082 1007 2123 carmen
1029 2067 1104 2122 erat.

231 2161 314 2228 Quae
336 2161 482 2239 quoniam
505 2180 568 2218 non
590 2167 662 2220 sunt
684 2160 807 2240 penitus
829 2160 961 2232 sublata,
985 2159 1038 2218 sed
1060 2164 1200 2232 exstant,

271 2257 413 2316 Pluribus
435 2257 582 2335 exemplis
604 2258 718 2336 scripta
740 2257 833 2315 fuisse
855 2277 934 2316 reor.

231 2350 321 2409 Nunc
343 2369 452 2429 precor
473 2357 507 2408 ut
528 2349 647 2423 vivant,
671 2358 702 2425 et
724 2369 785 2407 non
809 2351 919 2426 ignava
940 2350 1093 2427 legentem

271 2447 340 2504 Otia
361 2444 527 2518 delectent,
552 2445 799 2524 admoneantque
821 2447 892 2504 mei.

232 2543 301 2601 Non
324 2549 426 2600 tamen
448 2542 498 2601 illa
521 2543 581 2621 legi
602 2549 750 2622 poterunt
772 2543 925 2622 patienter
945 2541 983 2600 ab
1005 2540 1079 2614 u110,

272 2639 396 2698 Nesciat
418 2639 465 2697 his
487 2660 636 2698 summam
659 2641 685 2698 si
707 2640 775 2718 quis
797 2639 903 2698 abesse
924 2658 1061 2699 manum.

227 2727 380 2797 ‘Ablatum
403 2735 512 2796 mediis
534 2757 611 2816 opus
632 2744 679 2795 est
700 2736 864 2795 incudibus
885 2735 972 2807 illud,

272 2833 381 2892 Defuit
403 2840 433 2890 et
454 2833 576 2914 scriptis
598 2833 705 2892 ultima
727 2833 800 2892 lima
823 2833 907 2891 meis.

233 2931 273 2990 Et
294 2930 413 2990 veniam
436 2950 492 3009 pro
514 2930 604 2988 laude
626 2938 699 3011 peto
723 2949 730 2990 :
754 2930 897 2989 laudatus
918 2928 1051 3000 abunde,

273 3028 342 3085 Non
365 3026 521 3086 fastiditus
543 3026 567 3084 si
589 3027 656 3098 tibi,
680 3027 787 3099 lector,
811 3047 875 3088 ere.

234 3125 299 3184 Hos
321 3143 444 3203 quoque
466 3143 519 3182 sex
541 3144 658 3198 versus,
681 3124 714 3182 in
736 3124 833 3204 prima
855 3123 956 3181 fronte
978 3121 1073 3181 libelli

273 3221 305 3279 Si
325 3218 560 3302 praeponendos
582 3240 648 3280 esse
669 3221 803 3301 putabiS,
828 3219 906 3278 habe
929 3237 936 3279 :
1116 3245 1121 3300 t

235 3342 248 3371 α
273 3316 354 3376 Orba
377 3324 504 3395 parente
525 3336 581 3376 suo
603 3317 790 3397 quicumque
806 3316 963 3375 volumina
984 3313 1095 3393 tangis,

275 3414 330 3472 His
352 3414 459 3473 saltem
482 3420 582 3474 vestra
605 3413 696 3473 detur
716 3415 747 3472 in
771 3415 853 3472 Urbe
874 3414 971 3473 locus.

235 3510 363 3589 Quoque
385 3511 483 3590 magis
504 3511 618 3583 laveas,
643 3532 705 3569 non
727 3513 801 3571 haec
823 3518 895 3570 sunt
916 3509 999 3570 edita
1021 3507 1134 3568 abillo

274 3607 334 3666 Sed
357 3608 444 3687 quasi
466 3608 503 3666 de
524 3607 641 3666 domini
663 3597 771 3667 lunera
794 3615 879 3687 rapta
902 3608 960 3668 sui.

235 3703 392 3783 Quidquid
413 3705 445 3763 in
466 3704 514 3763 his
535 3705 629 3783 igitur
650 3705 719 3764 vitii
740 3705 816 3764 rude
838 3725 961 3763 carmen
982 3702 1132 3769 habebit,

279 3800 516 3874 Eniendaturus,
539 3801 564 3858 si
586 3801 733 3874 licuisset,
758 3822 850 3860 erant.
874 3827 888 3856 u

662 3935 767 3987 -238
790 3963 819 3972 -
