2678 4250
248 173 440 228 BEAUXssARTS.
463 188 502 196 -
522 156 672 211 induemus.
695 189 735 198 -
755 175 896 212 AVOCATS.
914 187 953 196 -·
974 174 1172 214 Pnorsssswus

269 283 344 342 Erat
364 283 499 344 facturus
520 284 609 344 ludos
630 285 753 364 quidam
768 285 889 358 nobilis,
907 310 909 316 ·

269 379 309 440 Et
328 371 494 460 incipiebat
514 381 633 460 ingredi
657 382 813 462 Princeps.
838 383 917 441 Eum

268 476 404 536 Adducit
425 478 536 557 pretio,
559 478 714 557 precibus,
738 485 773 536 ut
794 478 1010 538 tantummodo

270 571 341 652 Ipso
363 575 507 633 ludorum
529 575 706 633 ostenderet
729 595 794 633 sese
816 575 876 634 die.

269 667 327 738 Qui
350 671 440 738 simul
461 671 596 744 advenit,
621 692 727 730 rumor
748 671 784 730 de
807 671 932 730 tibicine
1088 749 1090 754 Ι

269 765 385 826 Fremit
405 767 437 826 in
459 768 591 848 theatr0.
616 767 747 835 Quidam
769 769 922 826 affirmant
943 775 1115 842 mortuum;

269 861 399 949 Quidam
422 865 453 922 in
475 872 676 944 conspectum
698 865 894 944 proditurum
916 865 982 924 sine
1002 882 1098 946 mora.

273 962 380 1020 Aulaeo
403 961 509 1033 misso,
533 961 686 1020 devolutis
708 961 885 1035 tonitribus,

268 1059 309 1118 Di
331 1065 403 1117 sunt
423 1057 520 1116 locuti
542 1078 627 1117 more
649 1057 850 1117 translaticio.

267 1156 355 1215 Tunc
376 1155 488 1214 chorus
509 1155 649 1233 ignotum
672 1162 703 1213 et
724 1156 816 1214 modo
838 1157 969 1217 reducto
989 1156 1144 1215 canticum

268 1251 432 1332 Imposuit,
455 1251 544 1331 cujus
565 1250 631 1310 haec
652 1252 712 1311 fuit
733 1253 909 1312 sententia:

244 1349 397 1421 «hetam,
421 1347 583 1406 incolumis
606 1347 715 1422 Roma,
740 1349 824 1407 salvo
847 1349 999 1428 Principe.
1021 1365 1049 1405 »·

267 1445 304 1506 In
324 1444 452 1526 plausus
473 1451 704 1504 consurrectum
727 1452 791 1519 est;
812 1445 910 1525 jactat
931 1430 1025 1507 basia.

365 1693 449 1752 307.
470 1694 540 1750 Sur
559 1694 595 1750 le
613 1693 721 1750 choix
740 1687 845 1751 d’une
866 1667 1045 1752 carriere.
1083 1726 1084 1730 =

359 1795 416 1880 (De
437 1819 551 1880 ponere
571 1797 671 1858 aetatis
694 1797 842 1881 dependat
864 1799 1053 1881 deliqendo.)

140 1966 180 2032 3⁸
245 1961 376 2048 Ineunte
394 1975 611 2049 adulescentia,
629 1997 699 2034 cum
715 1985 761 2035 est
770 1977 902 2036 maxima
920 1978 1115 2038 imbecillitas
1135 2000 1219 2039 con-

206 2071 277 2145 silii,
290 2080 357 2132 tum
374 2072 404 2131 id
416 2073 473 2130 sibi
490 2073 619 2153 quisque
634 2094 729 2150 genus
746 2074 845 2133 aetatis
865 2075 1012 2152 degendae
1032 2075 1215 2152 constituit,

205 2168 289 2249 quod
300 2169 430 2228 maxime
442 2169 605 2228 adamavit.
620 2169 727 2249 ltaque
740 2178 810 2228 ante
820 2171 996 2250 implicatur
1006 2172 1109 2252 aliquo
1120 2179 1216 2233 certo

205 2285 317 2345 genere
344 2285 496 2344 cursuque
524 2265 661 2335 vivendi,
687 2288 778 2346 quam
807 2268 920 2346 potuit,
946 2269 1030 2347 quod
1051 2269 1215 2349 optimum

205 2369 296 2436 esset,
312 2363 460 2443 judicare.
475 2361 552 2421 Nam
563 2362 646 2440 quod
662 2363 823 2422 Herculem
841 2363 989 2424 Prodicus
1005 2366 1092 2438 dicit,
1108 2373 1142 2425 ut
1159 2375 1218 2427 est

206 2458 289 2539 apud
305 2458 554 2538 Xenophontem,
575 2480 645 2518 curn
664 2461 798 2538 primum
818 2461 1001 2540 pubesceret
1017 2461 1112 2542 (quod
1128 2469 1216 2522 tem-

205 2575 265 2636 pus
280 2575 296 2613 a
309 2561 417 2614 natura
430 2555 468 2613 ad
481 2555 676 2632 deligendum
688 2577 779 2635 quam
791 2557 920 2636 quisque
934 2558 1014 2616 viam
1029 2559 1152 2617 vivendi
1166 2560 1216 2620 sit

206 2652 399 2731 ingressurus
421 2651 526 2710 datum
546 2652 616 2732 est),
638 2653 737 2712 exisse
759 2653 792 2710 in
817 2653 1028 2728 solitudinem,
1051 2663 1143 2736 atque
1162 2654 1214 2716 ibi

206 2749 376 2821 sedentem,
403 2749 456 2808 diu
483 2769 586 2806 secum
615 2750 809 2829 multumque
830 2749 1003 2822 dubitasse,
1034 2772 1104 2810 curn
1130 2751 1215 2812 duas

206 2853 344 2904 cerneret
364 2846 440 2918 vias,
464 2866 555 2904 unam
574 2846 760 2926 VoluptatiS,
786 2846 913 2906 alteram
932 2848 1077 2926 Virtutis,
1104 2856 1213 2908 utram

205 2942 325 3022 ingredi
343 2942 450 3000 melius
468 2949 572 3002 esset:
593 2942 651 3001 hoc
670 2943 807 3015 Herculi,
833 2967 846 2998 α
863 2943 953 3002 lovis
979 2951 1047 3003 satu
1074 2945 1209 3015 edito»,

205 3040 307 3119 potuit
319 3039 448 3098 fortasse
468 3039 664 3117 contingere;
683 3040 772 3098 nobis
787 3060 850 3098 non
865 3040 956 3112 item,
977 3042 1030 3121 qui
1050 3041 1215 3102 imitamur

204 3158 282 3216 quos
293 3137 403 3217 cuique
417 3137 518 3195 visum
530 3143 578 3194 est
594 3143 686 3216 atque
706 3136 743 3195 ad
759 3157 868 3196 eorum
887 3137 989 3196 studia
1003 3138 1214 3218 institutaque

204 3233 402 3314 impellimur,
415 3233 596 3312 plerumque
607 3240 712 3291 autern
724 3235 900 3313 parentium
921 3235 1084 3314 praeceptis
1095 3235 1213 3296 imbuti

204 3330 243 3388 ad
253 3351 359 3388 eorum
370 3329 625 3388 consuetudinem
636 3350 814 3411 moremque
826 3330 1026 3404 deducimur;
1038 3331 1088 3390 alii
1103 3331 1214 3391 multi-

204 3426 321 3485 tudinis
330 3427 449 3507 judicio
462 3425 614 3498 feruntur,
635 3447 765 3506 quaeque
779 3427 892 3506 majori
907 3428 988 3506 parti
1001 3428 1212 3506 pulcherrima

92 3561 99 3570 ·
204 3523 359 3596 videntur,
377 3544 411 3581 ea
432 3523 564 3582 maxime
582 3530 739 3602 exoptant.
761 3523 913 3582 Nonnulli
937 3537 1041 3584 tamen
1058 3525 1123 3583 sive
1141 3525 1214 3584 leli-

202 3619 297 3679 citate
314 3618 457 3699 quadam,
472 3619 536 3678 sive
555 3619 694 3678 bonitate
714 3627 843 3690 naturae,
861 3621 926 3680 sine
945 3621 1122 3702 parentium
1142 3621 1213 3682 dis-

111 3723 132 3810 t,
201 3715 332 3795 ciplina,
345 3722 461 3774 rectam
473 3715 546 3774 vitae
562 3717 660 3774 secuti
670 3724 743 3775 sunt
755 3717 847 3776 viam.

628 3902 783 3954 -216-
