2682 4258
424 261 426 266 ,
460 239 585 276 uenatu.
608 251 647 262 ·-·
668 237 854 276 Pultosorutu

340 535 426 592 498.
447 533 576 594 Uttltte'
597 536 641 591 de
660 536 699 592 la
719 535 938 592 soum‘ance.

448 708 536 790 (Pati
556 730 652 791 qnam
675 709 751 770 utile
767 712 836 792 nt.)

182 1053 230 1112 Ad
243 1052 498 1113 contemnendam
508 1053 657 1112 malorum
674 1052 842 1132 potentiam
858 1053 978 1112 animus
993 1053 1141 1132 patientia
1156 1058 1208 1118 nh,

142 1151 293 1230 pervenit.
313 1151 387 1218 Quat
405 1151 479 1232 quid
506 1151 535 1208 in
553 1151 642 1208 nobis
664 1151 783 1209 efficere
803 1149 901 1228 possit
917 1150 1005 1222 scies,
1028 1151 1052 1209 si
1075 1151 1142 1208 ads-

142 1247 263 1327 pexeris
288 1255 437 1326 quantum
458 1247 636 1305 nationibus
665 1247 755 1305 nudis
779 1255 810 1304 et
836 1247 939 1325 inopia
964 1247 1142 1306 fortioribus

142 1343 229 1404 labor
243 1352 379 1424 praestet.
404 1344 517 1402 Omnes
533 1344 692 1402 considera
705 1351 810 1422 gentes
833 1343 995 1423 inquibus
1017 1363 1142 1402 romana
1208 1333 1212 1343 ’

143 1462 203 1520 pax
229 1440 368 1500 desinit:
399 1441 569 1501 Germanos
598 1440 678 1509 dico,
705 1448 735 1498 et
754 1440 904 1519 quidquid
929 1440 1009 1498 circa
1029 1441 1143 1498 Istrum

141 1558 290 1615 vagarum
317 1538 454 1615 gentium
477 1545 629 1596 occursat.
658 1537 809 1616 Perpetua
838 1537 906 1595 illos
929 1536 1037 1610 hiems,
1057 1536 1144 1594 triste

142 1635 262 1694 caelum
278 1635 401 1713 premit,
428 1634 560 1711 maligne
589 1635 688 1692 solum
702 1633 805 1692 sterile
828 1640 991 1705 sustentat,
1015 1633 1144 1691 imbrem

142 1731 245 1790 culmo
260 1739 315 1790 aut
337 1731 444 1789 fronde
469 1731 651 1803 defendunt,
675 1751 767 1809 super
782 1730 890 1788 durata
913 1730 1009 1807 glacie
1036 1736 1144 1807 stagna

144 1827 326 1908 persultant,
343 1828 374 1885 in
390 1828 570 1886 alimentum
587 1828 666 1886 feras
679 1834 813 1906 captant.
837 1827 942 1884 Miseri
965 1826 1020 1885 tibi
1038 1827 1145 1886 viden·

144 1927 218 1984 tur?
235 1925 284 1982 Nil
309 1925 454 1983 miserum
470 1924 618 2003 estquod
641 1923 672 1980 in
699 1931 839 1982 naturam
864 1923 1056 1982 consuetudo
1077 1944 1145 2003 per-

143 2023 249 2094 duxit;
263 2021 321 2080 hoc
342 2022 423 2101 quod
444 2021 499 2079 tibi
519 2021 674 2080 calamitas
699 2020 833 2089 videtur,
855 2026 903 2078 tot
920 2020 1058 2098 gentium
1080 2020 1142 2077 vita

144 2128 200 2179 est.
223 2118 303 2185 Quid
326 2118 444 2177 miraris
463 2118 561 2176 bonos
576 2117 668 2189 viros,
688 2123 722 2176 ut
737 2118 970 2188 confirmentur,
993 2117 1143 2175 concuti?

143 2237 206 2275 non
220 2223 267 2274 est
281 2215 372 2272 arbor
393 2215 501 2287 solida,
524 2215 581 2273 nisi
600 2215 632 2273 in
648 2236 740 2295 quam
755 2214 900 2294 frequens
918 2220 1029 2272 ventus
1043 2212 1145 2270 incur·

144 2321 202 2372 sat.
220 2313 289 2391 lpsa
309 2312 389 2369 enim
412 2313 573 2370 vexatione
596 2311 819 2388 constringitur
842 2319 872 2369 et
896 2311 1012 2368 radices
1031 2309 1145 2369 certius

145 2409 238 2486 figit:
260 2408 384 2484 fragiles
409 2416 482 2466 sunt
504 2428 571 2486 quae
594 2407 624 2464 in
652 2408 753 2486 aprica
778 2407 857 2466 valle
879 2414 1054 2466 creverunt.
1085 2406 1145 2465 Pro

145 2505 221 2585 ipsis
252 2525 325 2584 ergo
354 2505 442 2562 bonis
469 2504 543 2561 viris
568 2511 623 2576 est,
664 2510 699 2562 ut
733 2524 799 2562 esse
837 2504 969 2562 inter-riti
1013 2504 1143 2582 possint,

124 2602 277 2683 ,multum
306 2601 387 2659 inter
407 2599 604 2658 formidolosa
630 2600 757 2672 versari,
775 2607 805 2658 et
830 2621 917 2681 aequo
944 2601 1048 2659 animo
1066 2600 1145 2657 ferre

145 2720 214 2778 quae
237 2719 298 2756 non
327 2705 400 2756 sunt
426 2696 515 2766 mala,
540 2697 597 2754 nisi
626 2696 704 2754 male
729 2697 903 2756 sustinenti.
926 2697 1035 2776 Adjice
1064 2716 1146 2754 nunc

145 2794 230 2874 quod
245 2815 301 2874 pro
317 2794 459 2852 omnibus
485 2801 531 2851 est
551 2794 702 2872 optimum
723 2813 886 2872 quemque,
915 2800 950 2851 ut
975 2793 1017 2851 ita
1033 2793 1143 2864 dicam,

145 2891 277 2951 militare
296 2898 327 2949 et
341 2890 430 2948 edere
449 2910 567 2968 operae.
589 2890 656 2950 Hoc
670 2898 716 2948 est
736 2889 929 2968 propositum
946 2890 1011 2947 Deo
1027 2896 1061 2947 ut
1073 2888 1146 2946 boni

146 2988 296 3068 quaedam
325 2987 400 3044 dura
430 2987 595 3065 patiantur.
627 2986 666 3044 Et
692 2986 915 3065 quamobrem?
943 2985 1063 3043 utalios
1081 2985 1145 3064 pati

146 3085 289 3144 doceant⁶
302 3083 372 3142 Nati
386 3083 499 3141 suntin
511 3082 677 3161 exemplar.
695 3082 773 3148 Quid
789 3083 911 3153 mirum,
929 3082 952 3138 si
967 3081 1041 3140 dure
1056 3101 1146 3158 gene-

148 3202 234 3241 rosos
266 3181 390 3260 spiritus
424 3180 508 3237 Deus
538 3181 659 3238 tentat?
695 3179 869 3257 Numquam
901 3179 1024 3236 virtutis
1057 3177 1146 3236 molle

147 3279 366 3337 documentum
387 3282 442 3334 est.
463 3275 611 3334 Verberat
627 3297 681 3333 nos
703 3282 733 3334 et
752 3275 865 3334 lacerat
880 3275 1002 3333 fortuna
1021 3294 1027 3334 ε
1049 3275 1147 3354 patia-

148 3376 237 3434 murl
266 3375 335 3432 Non
363 3380 409 3431 est
434 3373 570 3443 saevitia,
598 3379 753 3431 certamen
778 3379 839 3444 est;
866 3372 997 3451 quodsi
1026 3371 1147 3451 saepius

134 3472 328 3553 'adierimus
353 3469 494 3528 fortiores
517 3470 639 3528 erimus.
666 3469 835 3528 Praebendi
862 3469 1005 3527 fortunae
1029 3489 1145 3542 sumne,

148 3574 304 3628 utcontra
324 3567 406 3625 illam
431 3566 468 3624 ab
482 3566 547 3645 ipsa
562 3566 717 3626 duremur.
