2678 4250
214 122 296 182 253.
314 123 435 180 Folles
462 122 708 193 profligantes
728 124 794 200 des
812 122 997 181 Romatns.

286 225 341 308 (De
350 225 534 310 prodiqiosa
547 228 758 287 Romanorum
775 226 927 309 luxuria.)

149 409 257 470 Secum
273 411 403 492 quisque
418 411 544 490 cogitet,
568 433 636 471 cum
662 411 759 492 pretia
781 433 968 472 marmorum
987 399 1168 487 audiatslth.

112 527 177 567 cum
190 507 261 566 vehi
276 509 416 587 trahique
435 509 531 568 moles
550 508 664 582 videat,
681 529 772 588 quam
792 508 856 567 sine
874 507 922 567 his
936 508 1103 567 multorum

18 625 19 684 ss
111 603 200 663 luerit
216 605 400 664 beatiort
356 612 400 663 vr
402 623 443 666 a
457 605 515 664 ista
537 605 647 676 lacere,
678 605 772 669 immo
792 605 895 664 verius
913 605 978 713 pati
993 611 1106 664 morta-

18 693 20 812 l
111 700 162 772 les,
179 721 256 781 quos
271 701 311 760 ob
329 723 412 773 usus,
430 723 544 781 quasve
560 701 597 760 ad
615 701 758 782 voluptat
759 723 791 760 es
746 701 889 776 talias,
903 701 962 760 nisi
977 711 1013 761 ut
1025 701 1106 760 inter

111 797 242 856 maculas
259 797 431 877 lapidum
420 803 560 878 jaceant.
531 798 565 856 t‘l
591 799 702 875 Ingens
726 798 784 857 ista
810 804 1004 905 reputantem
1023 797 1107 857 subit

112 894 201 953 etiam
223 894 417 974 antiquitatis
433 894 537 957 rubor.
558 895 632 953 Exst
621 902 688 954 tant
707 894 862 958 censoriae
878 894 959 972 leges
983 892 1106 971 glandia

111 991 139 1072 in
156 991 251 1068 cenis,
270 991 424 1072 gliresque
445 998 477 1050 et
502 990 560 1050 alia
580 990 664 1050 dictu
683 991 802 1055 minora
825 990 937 1071 apponi
955 996 1103 1050 vetantes.

112 1087 266 1148 Marmora
290 1088 392 1166 invehi
420 1097 449 1146 et
472 1088 569 1148 maria
598 1088 689 1168 hujus
706 1087 758 1152 ¹rei
784 1108 875 1153 causa
894 1086 1016 1147 transiri
1038 1093 1113 1167 quae'

18 1199 19 1204 ’
110 1189 227 1243 vetaret
257 1183 306 1243 lex
327 1185 411 1244 nulla
437 1183 498 1244 lata
522 1192 578 1244 est.
607 1184 860 1244 Dicat'lortassis
882 1183 992 1264 aliquis
1017 1169 1115 1244 enon⁵

18 1315 19 1318 Γ
111 1281 193 1340 enim
209 1279 444 1340 invehebantur.
463 1281 498 1339 ld
520 1280 643 1361 quidem
657 1281 748 1342 salec.
769 1280 933 1340 Trecentos
949 1281 1106 1358 sexaginta

18 1443 19 1450 ,
110 1376 271 1437 columnas
287 1377 331 1439 M.
352 1378 458 1436 Scauri
476 1376 622 1438 aedilitate
644 1377 682 1436 ad
699 1397 840 1437 scaenam
858 1377 971 1438 theatri
988 1383 1107 1456 tempo-

18 1453 20 1524 l
108 1468 282 1541 rarii‚etvii1
298 1495 359 1532 uno
375 1473 584 1533 mensesuturi
598 1475 628 1532 in
643 1495 711 1545 usu,
728 1472 873 1532 viderunt
887 1473 1003 1553 portari
1018 1473 1107 1532 silen-

18 1561 19 1632 J
109 1569 154 1628 tio
167 1561 279 1647 legum.
293 1570 352 1628 Sed
369 1561 501 1650 publicis
514 1571 658 1630 nimirum
675 1570 869 1648 indulgentes
882 1566 1105 1650 voluptatibus.

18 1727 20 1730 ,
108 1664 143 1724 ld
169 1666 269 1746 ipsum
287 1669 366 1726 cur?
391 1675 444 1726 aut
461 1687 521 1748 qua
543 1667 639 1746 magis
664 1667 713 1726 via
735 1667 876 1746 irrepunt
898 1667 984 1741 vitia,
1014 1687 1106 1748 quam

18 1763 20 1820 3
107 1761 253 1842 publica?
264 1762 336 1830 ,Quo
347 1765 427 1822 enim
450 1763 510 1823 alio
525 1767 617 1823 modo
632 1764 663 1822 in
679 1763 815 1844 privatos
830 1785 903 1822 usus
918 1762 969 1822 illa
983 1777 1105 1835 venere,
1172 1775 1177 1829 ‘3

18 1843 20 1880 ³
106 1857 210 1933 ebora,
234 1880 354 1933 aurum,
375 1862 526 1938 gemmae‘?
542 1863 605 1920 Aut
632 1860 706 1940 quid
731 1860 856 1919 omnino
882 1859 942 1918 diis
960 1859 1109 1940 relinqui-

105 1957 201 2014 mus?
235 1957 349 2016 Verum
381 1965 459 2033 esto,
488 1957 674 2016 indulserint
712 1955 842 2038 publicis
861 1956 1112 2038 voluptatibusz

18 2039 20 2064 ³
104 2053 240 2112 etiamne
253 2060 415 2112 tacuerunt
436 2053 583 2112 maximas
597 2073 712 2125 earum,
728 2062 820 2134 atque
835 2051 911 2113 adeo
931 2051 1114 2132 duodequaa

18 2195 19 2208 ,
105 2147 278 2226 dragenum
294 2149 559 2228 pedum‚Lucullei
572 2151 742 2218 marmoris,
753 2151 785 2209 in
798 2149 876 2209 atrio
892 2149 998 2208 Scauri
1015 2149 1109 2208 collo·
1146 2225 1148 2228 Ι

18 2217 20 2296 l
104 2245 197 2306 cari?
220 2245 355 2304 Taouere
383 2252 483 2304 tantas
511 2245 608 2304 moles
647 2246 678 2304 in
706 2246 858 2326 privatam
881 2244 1109 2334 donrumtrahi

104 2348 222 2422 praeter
233 2341 339 2420 fictilia
355 2341 482 2401 deorum
501 2341 632 2421 fastigia.
723 2363 724 2372 ¹
1022 2352 1025 2357 '

345 2616 428 2674 254.
462 2618 562 2673 Luxe
596 2606 864 2687 d’Hortenstus.

377 2799 379 2803 ,
432 2719 487 2802 (De
499 2719 663 2782 Hortensii
682 2720 784 2804 luxu.)

146 2905 270 2966 Primus
288 2905 327 2974 Q.
350 2906 534 2966 Hortensius
556 2905 695 2986 augurali
721 2926 797 2966 cena
818 2927 954 2988 pavones
971 2907 1109 2988 posuisse
1135 2913 1176 2976 3θ

98 3003 231 3062 dicitur.
245 3002 343 3069 Quem
357 3002 419 3062 cito
435 3003 630 3062 secutimulti
638 3003 682 3062 ita
692 3002 870 3062 extulerunt
884 3024 989 3064 eorum
998 3004 1108 3085 pretia,

18 3177 19 3182 η
98 3107 140 3162 ut
157 3120 217 3158 ova
233 3099 366 3172 denariis
382 3107 516 3159 veneant
534 3100 649 3180 quinis,
678 3099 737 3179 ipsi
761 3099 852 3160 facile
873 3101 1107 3180 quinquagenis.

18 3195 20 3242 l
100 3197 134 3256 ls
146 3197 333 3255 Hortensius
348 3195 488 3276 platanos
506 3217 576 3258 suas
603 3197 677 3255 vino
696 3196 824 3276 irrigare
835 3197 997 3256 consuevit
1013 3198 1109 3258 :adeo

99 3301 140 3352 ut
160 3293 194 3350 in
211 3293 331 3360 actione
347 3293 478 3376 quadam
495 3314 585 3373 quam
601 3292 710 3354 habuit
731 3313 801 3354 cum
824 3293 973 3354 Cicerone
987 3315 1110 3375 suscep-

98 3397 181 3460 tam,
205 3391 344 3469 precario
357 3410 374 3448 a
387 3389 489 3448 Tullio
502 3390 699 3469 postulasset,
723 3397 759 3449 ut
779 3389 881 3450 locum
905 3389 1027 3451 dicendi
1042 3412 1110 3472 per7

98 3493 242 3546 mutaret
254 3507 357 3544 secum
375 3505 382 3547 :
399 3487 483 3554 abire
498 3487 578 3546 enim
593 3486 624 3546 in
634 3486 739 3546 villam
752 3486 921 3546 necessario
943 3508 974 3548 se
984 3488 1063 3548 velle
1075 3496 1110 3562 ut

99 3584 217 3642 vinum
233 3583 370 3662 platan0,
385 3600 477 3664 quam
493 3583 524 3641 in
539 3582 713 3643 Tusculano
732 3590 887 3664 posuerat,
911 3584 976 3665 ipse
993 3586 1124 3652 suttunr

98 3681 207 3740 deret.
223 3680 282 3738 Sed
299 3679 379 3739 forte
395 3680 433 3750 ad
448 3687 551 3740 notam
570 3680 672 3740 saeculi
688 3679 736 3740 sui
753 3700 814 3740 non
840 3681 953 3741 sufficit
976 3682 1110 3742 Horten-

179 3785 222 3829 Vio
235 3787 316 3838 priato
331 3785 370 3826 dee
384 3785 503 3828 Romaim.
1006 3789 1031 3828 Β

528 3897 562 3917 -.-
582 3868 632 3920 ΠἿ
651 3897 689 3916 ---Δ
