2656 4258
325 186 442 227 NOBLES.
467 203 505 212 ·-
526 175 685 233 riiissiien's.
708 210 747 217 ·-
768 197 956 237 asinancilis.
980 216 1019 223 -·
1039 202 1182 240 ESCLAVES
1240 196 1244 202 ⁴

329 329 332 336 ¹
428 353 486 412 88.
506 357 555 412 Le
573 359 743 426 parasite
765 375 855 420 sans
874 363 1082 424 invitation.

484 477 644 556 (Queritur
666 481 823 544 invocatus
839 487 1025 570 parasitus.)

189 633 243 690 Rh·
260 639 347 700 Ilicet
367 645 538 722 parasiticae
560 650 617 707 arti
638 670 812 712 maxumam
834 655 943 714 malam
966 660 1105 716 crucem!
1154 693 1157 707 ‹

256 735 302 795 lta
320 737 470 817 juventus
487 743 552 824 jam
574 745 719 807 ridiculos
741 750 910 832 inopesque
932 752 969 811 ab
991 775 1022 812 se
1038 763 1195 834 segregat.

254 833 305 892 Nil
327 846 487 897 morantur
504 841 568 919 jam
591 844 738 919 Lacones,
762 847 815 906 imi
837 848 962 908 subselli
984 850 1076 922 viros,

254 929 473 1012 Plagipatidas,
502 938 614 1016 quibus
641 950 713 1000 sunt
737 945 831 1003 verba
860 945 924 1004 sine
953 968 1034 1026 penu
1057 955 1088 1006 et
1108 969 1251 1028 pecunia.

253 1027 313 1086 Eos
335 1031 495 1111 requirunt
514 1035 730 1114 qui,lubenter
750 1062 843 1120 quom
866 1042 1137 1115 ederint‚reddant
1158 1045 1240 1104 dorni

252 1123 314 1204 Ipsi
336 1138 499 1206 opsonant‚
524 1151 592 1210 quae
613 1137 817 1214 parasitorum
839 1147 909 1198 ante
931 1149 996 1199 erat
1016 1141 1192 1220 provincia;

251 1220 359 1302 Neque
384 1224 531 1285 ridiculos
549 1225 614 1308 jani
636 1234 753 1292 terunci
776 1234 905 1309 faciunt,
922 1257 987 1296 sese
1008 1248 1114 1296 omnes
1136 1259 1253 1311 amant.

252 1318 329 1377 Nam
356 1322 402 1378 uti
430 1321 546 1382 dudum
576 1325 648 1386 hinc
676 1328 746 1402 abii,
775 1333 890 1391 accessi
917 1334 955 1394 ad
984 1333 1196 1395 adulescentes
1222 1337 1254 1394 in

711 1432 712 1436 ’
943 1421 944 1426 “
1146 1433 1252 1511 [lorot

250 1511 384 1587 salvete,
402 1515 538 1596 inquam,
563 1541 625 1599 quo
651 1522 731 1582 imus
754 1546 813 1583 una
835 1526 873 1584 ad
895 1526 1081 1605 prandium?
1096 1563 1134 1573 —
1151 1533 1255 1608 Atque

1057 1625 1111 1704 [illi
1135 1634 1251 1686 tacent.

249 1703 325 1771 Quis
344 1708 388 1766 ait
410 1734 423 1763 u
441 1710 499 1770 hoc
519 1737 545 1786 »‚
567 1722 620 1773 aut
642 1716 710 1796 quis
732 1719 920 1796 profitetur‘.>
942 1721 1078 1802 inquam.
1098 1757 1137 1766 —-
1157 1723 1254 1790 Quasi

1047 1819 1125 1877 muti
1146 1820 1241 1878 silent

248 1899 357 1980 Neque
380 1921 428 1959 me
445 1901 558 1961 rident.
583 1902 642 1962 Ubi
666 1923 811 1963 cenamus
827 1907 910 1963 una‘?
933 1817 1070 1984 inquain.
1090 1941 1128 1950 —
1150 1867 1257 1987 Atque

313 2060 316 2065 ἱ
1020 2001 1074 2080 [illi
1097 2003 1254 2066 abnuunt.

250 2091 327 2150 Di'co
343 2112 447 2150 -unum
470 2093 634 2152 ridiculum
658 2093 773 2152 dictum
796 2094 833 2152 de
856 2093 946 2152 dietis
968 2093 1156 2165 melioribus,

250 2187 368 2253 Quibus
391 2189 526 2248 solebam
551 2191 753 2250 menstruales
775 2190 880 2271 epulas
903 2197 973 2249 ante
995 2189 1177 2269 adipiscier3

250 2286 347 2343 Nemo
371 2285 462 2345 ridet.
488 2287 571 2345 Seivi
594 2288 749 2366 extemplo
771 2309 834 2346 rem
857 2287 894 2347 de
916 2294 1076 2366 compecto
1098 2285 1173 2363 geri.

251 2381 296 2440 Ne
318 2403 425 2440 canem
449 2383 573 2462 quidem
595 2385 746 2443 irritatam
770 2385 869 2443 voluit
890 2385 1051 2464 quisquam
1074 2383 1254 2442 imitarier:

214 2523 216 2528 .
250 2477 375 2551 Saltem,
400 2480 424 2537 si
446 2489 508 2538 non
523 2480 706 2551 arriderent,
731 2481 838 2539 dentes
861 2489 895 2540 ut
915 2481 1144 2558 restringerent.

249 2574 335 2632 Abeo
357 2576 485 2648 abillis,
510 2586 673 2656 postquam
696 2599 743 2635 mc
766 2577 856 2636 video
879 2577 920 2636 sic
943 2577 1138 2635 ludificarier.

251 2671 348 2748 Pergo
377 2671 414 2730 ad
440 2673 526 2744 alios,
558 2673 648 2731 venio
678 2674 714 2732 ad
747 2673 833 2746 alios,
863 2672 974 2731 deinde
1001 2673 1039 2730 ad
1065 2672 1165 2731 alios:
1190 2694 1256 2732 una

1164 2769 1254 2829 re'st.

249 2865 363 2924 Omnes
379 2865 416 2924 de
432 2873 592 2945 compecto
612 2875 790 2943 rem-agunt
814 2867 901 2946 quasi
922 2867 952 2924 in
976 2865 1108 2924 Velabro
1130 2865 1254 2924 olearii.

251 2963 327 3020 Item
350 2963 400 3022 alii
424 2964 550 3042 parasiti
573 2963 685 3021 frustra
707 2963 948 3022 obambulabant
968 2963 998 3020 in
1021 2963 1101 3022 i'0r0.

250 3059 339 3118 Nunc
361 3059 518 3118 barbarica
540 3059 606 3138 lege
627 3069 745 3118 certum
767 3068 813 3118 est
831 3059 882 3140 jus
903 3079 1005 3117 meum
1032 3080 1122 3118 omne
1149 3080 1258 3139 perse-

1158 3155 1254 3236 [quit

251 3253 308 3320 Qui
334 3253 495 3312 consilium
523 3253 628 3325 iniere,
652 3275 713 3314 nuo
735 3275 790 3311 nos
811 3251 894 3312 victu
917 3260 948 3311 et
968 3253 1033 3312 vita
1055 3253 1254 3332 prohibeant,

224 3364 226 3367 ’
252 3351 307 3408 llis
329 3350 410 3409 diem
432 3350 542 3422 dicam,
562 3351 704 3428 irrogabo
727 3350 865 3422 multam,
887 3355 920 3407 ut
935 3349 1009 3407 mihi
1031 3370 1121 3408 cenas
1144 3348 1255 3408 deceni

251 3447 321 3505 Meo
344 3447 492 3506 arbitratu
515 3447 598 3518 dent,
624 3467 716 3526 quom
739 3467 808 3506 cara
830 3447 870 3505 sit
890 3465 1028 3520 annona;
1053 3447 1096 3505 sie
1117 3465 1221 3523 egero,

249 3535 340 3595 Nune
356 3535 407 3594 ibo
423 3535 460 3595 ad
477 3544 602 3615 portum
617 3535 700 3614 hinc.
719 3535 773 3592 Est
787 3533 850 3591 illic
870 3534 912 3592 mi
930 3555 990 3592 una
1010 3555 1078 3613 spes
1095 3535 1256 3596 cenatica:

249 3632 281 3691 Si
300 3653 334 3691 ea
349 3631 516 3708 decolabit,
539 3631 648 3692 redibo
668 3631 728 3689 huc
743 3629 781 3690 ad
799 3651 903 3689 senem
919 3631 957 3689 ad
975 3651 1080 3689 cenam
1102 3652 1256 3710 asperam.

681 3845 867 3926 -aa-'
