2656 4258
550 161 598 200 leS
620 164 729 202 Faunus

139 271 209 330 dico
252 293 312 330 non
358 293 431 332 ausa
446 293 639 352 consurgere,
657 274 709 332 sed
724 274 849 333 allevari
859 294 1015 344 recusans,
1033 259 1156 354 secun--

139 367 209 427 dam
225 369 388 428 orbitatem
406 367 548 450 judicans
563 370 703 429 lacrimas
733 370 865 430 mittere.
882 369 1003 429 Nullam
1027 370 1140 443 habere

89 455 91 459 ¹
141 463 303 542 imaginem
322 465 377 523 lilii
399 465 548 524 carissimi
575 466 685 536 voluit,
711 467 825 526 nullam
843 466 901 525 sibi
929 467 994 525 fieri
1021 467 1058 525 de
1087 467 1141 526 illo

120 549 338 620 mentionem.
367 561 514 621 Tenebris
533 571 564 622 et
587 562 745 622 solitudini
767 563 1014 634 familiarissima,
1042 585 1080 622 ne
1100 563 1153 621 ad.

139 657 263 716 fratrem
281 658 405 738 quidem
431 659 606 738 respiciens,
632 660 767 719 carmina
785 657 975 719 celebrandae
1001 658 1141 720 Marcelli

139 755 294 814 memoriae
309 756 478 834 composita
491 756 629 835 aliosque
639 755 811 815 studiorum
828 756 960 815 honores
972 755 1089 837 rejecit,
1109 763 1142 814 et

138 871 227 908 aures
243 871 312 910 suas
323 851 469 911 adversus
487 871 577 910 omne
590 852 737 910 solacium
758 851 890 925 clausit;
907 873 924 912 a
940 852 1141 932 sollemnibus

137 947 247 1006 officiis
259 947 397 1020 seducta,
414 955 445 1006 et
459 949 556 1027 ipsam
578 948 799 1026 magnitudinis
810 949 953 1007 fraternae
972 948 1064 1008 nimis
1080 949 1142 1008 cir-

138 1043 364 1102 cumlucentem
384 1044 539 1103 fortunam
555 1065 657 1114 exosa,
677 1031 797 1103 defodit
811 1065 842 1103 se
857 1051 887 1103 et
907 1044 1037 1104 abdidit.
1054 1044 1158 1116 Assi-,

139 1139 283 1200 dentibus
292 1139 406 1212 liberie,
421 1141 596 1220 nepotibus,
611 1139 771 1218 lugubrem
784 1149 900 1200 vestem
913 1163 974 1200 non
983 1131 1139 1222 deposuit,

140 1256 202 1296 non
217 1236 282 1297 sine
297 1237 484 1296 contumelia
501 1236 639 1295 omnium
658 1257 794 1310 suorum,
814 1238 926 1317 quibus
940 1236 1044 1310 salvis,
1066 1237 1143 1297 orba

139 1332 194 1392 sibi
211 1333 384 1392 videbatur.
917 1342 920 1347 '

373 1527 453 1584 14³.
473 1528 530 1584 Un
547 1527 715 1597 mariage
740 1528 765 1585 a
786 1529 908 1584 Rome.

437 1630 493 1710 (De
517 1629 666 1690 Romanis
695 1628 839 1712 nuptiis.)

73 1793 113 1856 2⁰
137 1789 272 1849 Vixdum
294 1788 404 1848 emissa
426 1789 501 1860 dies,
525 1772 637 1869 etjam
660 1788 783 1848 socialia
804 1796 917 1868 praesto

138 1886 258 1959 Omina,
279 1885 342 1966 jam
366 1887 442 1944 festa
465 1887 564 1944 servet
584 1885 695 1944 domus
717 1893 847 1965 utraque
869 1906 993 1966 pompa.

138 1983 258 2042 Fronde
282 1983 383 2042 virent
405 1990 518 2060 postes,
544 1980 690 2058 effulgent
711 1982 845 2060 compita
867 1984 1010 2054 flammis,

137 2080 177 2138 Et
197 2100 268 2158 pars
290 2079 447 2137 immensae
471 2078 583 2154 gaudet
604 2077 800 2136 celeberrima
823 2077 940 2139 Romae.

136 2177 242 2234 Omnis
265 2175 373 2245 honos,
397 2174 501 2232 cuncti
523 2173 653 2231 veniunt
674 2173 711 2232 ad
733 2174 840 2232 limina
861 2174 975 2250 fasces;

137 2271 244 2330 Omnis
266 2271 386 2351 plebeio
409 2270 519 2327 teritur
540 2276 687 2348 praetexta
710 2271 845 2329 tumultu

138 2365 230 2432 lline,
247 2382 342 2441 eques
360 2360 453 2432 hine;
470 2359 686 2439 juvenumque
706 2365 773 2418 arto
794 2357 872 2417 stola
893 2359 990 2418 mixta
1011 2359 1146 2424 laborat.

138 2461 253 2520 Felices
275 2466 423 2537 utrosque
444 2462 567 2526 vocant,
591 2455 643 2512 sed
666 2455 697 2512 in
719 2453 840 2532 agmine
861 2452 965 2533 plures

137 2556 277 2616 Invidere
303 2555 381 2613 viro.
407 2551 594 2612 lamdudum
616 2558 704 2630 poste
724 2549 845 2609 reclinis

138 2652 263 2722 Quaerit
284 2651 407 2730 Hymen
429 2649 570 2708 thalamis
591 2647 741 2706 intactum
763 2646 864 2704 dicere
885 2665 1022 2717 carmen,

139 2751 207 2819 Quo
228 2753 330 2808 vatem
352 2746 485 2805 mulcere
507 2753 612 2824 queat.
636 2744 695 2802 Dat
715 2743 798 2801 luno
819 2742 953 2802 verenda

139 2845 279 2917 Vincula,
303 2851 335 2903 et
355 2843 489 2920 insignes
511 2841 646 2919 geminat
668 2838 841 2897 Concordia
863 2838 978 2897 taedas.
1017 2913 1019 2916 Ι

140 2944 229 3004 Nunc
250 2961 339 3021 opus,
363 2937 516 2997 Aonidum
539 2936 667 2996 comites
689 2934 907 3013 tripodumque
929 2933 1077 3007 ministri,
1119 2929 1122 2944 ¹

139 3039 278 3099 Diversis
298 3041 415 3096 certare
437 3033 536 3093 modis
560 3051 567 3092 :
591 3039 640 3092 eat
662 3030 771 3090 enthea
794 3030 879 3089 vittis

13 3147 17 3164 '
42 3197 44 3202 ,
135 3139 237 3216 Atque
258 3132 379 3192 hederis
401 3130 541 3189 redimita
568 3129 690 3198 cohors,
715 3132 749 3185 ut
770 3126 867 3205 pollet
889 3127 999 3185 ovanti

13 3215 16 3226 ⁸
41 3221 45 3238 ¹
135 3233 270 3310 Quisque
290 3229 366 3309 lyra.
391 3227 450 3286 Sed
472 3225 638 3306 praecipue
660 3223 713 3302 qui
735 3221 837 3281 nobile
859 3243 965 3300 gressu

137 3331 281 3389 Extremo
302 3325 450 3384 fraudatis
472 3343 561 3401 apua,
584 3320 654 3379 date
676 3319 814 3378 carmina
836 3319 921 3378 festis

138 3425 236 3503 Digna
257 3422 342 3480 toris.
368 3420 534 3497 Huncipse
556 3417 620 3475 Coo
642 3415 808 3495 plaudente
832 3415 966 3474 Philetas

137 3517 404 3597 Callimachusque
426 3536 518 3574 senex
541 3513 719 3590 Umbroque
742 3511 920 3590 Propertius
942 3517 1034 3571 antro

136 3615 314 3678 Ambissent
334 3611 459 3670 laudare
480 3611 572 3680 diem,
596 3629 652 3666 nec
673 3607 770 3665 tristis
792 3607 823 3664 in
844 3606 919 3686 ipsis

140 3716 222 3774 Naso
244 3708 346 3768 Tomis
369 3707 516 3787 divesque
537 3705 606 3764 loco
629 3704 749 3763 lucente
771 3702 921 3761 Tibullus

1076 3217 1079 3230 ‚
1166 3183 1177 3239 l

559 3863 717 3912 -100-
