2656 4258
22 199 24 286 Ι
264 167 348 224 205.
363 168 420 224 Uu
433 179 548 237 orage
564 167 660 223 dans
678 166 880 235 l'Apenntn.

206 268 417 349 (Describitur
438 277 601 352 tempestas
622 269 656 330 in
670 269 838 350 Apennino
853 270 942 348 orta.)

119 427 213 486 Vento
228 428 343 487 mixtus
357 427 456 488 imber
481 447 551 488 cum
578 429 711 488 serretur
732 428 764 487 in
790 429 856 509 ipsa
871 449 935 502 ora,
960 428 1072 507 primo,
1101 425 1143 490 2‘

22 597 24 606 ,
87 523 306 602 quiaautarma
323 524 494 584 omittenda
509 532 597 585 erant
626 533 680 585 aut
702 531 811 585 contra
832 525 984 584 enitentes
1005 544 1076 582 ver-

22 611 23 658 3
88 620 138 678 tice
156 620 262 679 intorti
278 621 503 699 affligebantur,
518 622 701 694 constitere3
718 621 800 695 dein,
815 642 885 681 cum
900 620 966 701 jam
988 619 1076 700 spiri-

22 765 23 770 ,
88 724 143 774 tum
163 716 336 777 includeret
357 738 413 777 nec
434 718 625 798 reciprocare
645 718 777 778 animam
797 719 921 791 sineret,
938 717 1037 776 aversi
1058 711 1085 775 a¹

86 820 168 872 vento
189 834 357 894 parumper
367 814 544 875 consedere.
558 815 636 874 Tum
651 836 725 874 vero
747 814 865 892 ingenti
880 811 1075 874 sonoeaelum

85 917 220 989 strepere,
240 918 271 969 et
291 911 373 970 inter
394 910 564 971 horrendos
583 911 720 990 fragores
741 912 854 972 micare
871 913 974 990 ignes;
993 909 1075 991 capti

84 1006 199 1066 auribus
225 1012 256 1066 et
288 1007 386 1067 oculis
418 1015 503 1067 metu
529 1028 636 1067 omnes
662 1014 801 1089 torpere3
831 1007 956 1067 tandem
980 1007 1076 1066 effuso

83 1102 181 1175 imbre,
203 1123 275 1164 oum
303 1124 339 1162 eo
367 1104 465 1182 magis
484 1125 611 1164 accensa
628 1105 675 1164 vis
707 1105 792 1165 venti
805 1111 895 1176 esset,
918 1103 986 1184 ipso
1011 1102 1075 1176 illo,

82 1220 138 1278 quo
158 1198 299 1281 deprensi
315 1207 412 1274 erant,
425 1200 493 1259 loco
507 1209 605 1260 castra
623 1221 738 1281 ponere
755 1200 959 1260 necessarium
976 1199 1076 1259 visum

81 1303 133 1357 est.
156 1295 191 1355 ld
210 1316 285 1354 vero
307 1296 421 1356 laboris
443 1297 529 1355 velut
551 1297 588 1356 de
615 1297 736 1376 integro
764 1298 886 1356 initium
908 1297 983 1371 suin
1006 1317 1077 1356 nani

82 1412 133 1451 nee
151 1392 304 1472 explicare
326 1393 495 1473 quidquam
513 1414 569 1452 nee
596 1402 731 1454 statuere
753 1401 906 1474 poterant,
922 1414 980 1455 nee
994 1393 1077 1474 quod

81 1496 223 1547 statutum
250 1496 332 1549 esset
357 1489 511 1562 manebat,
544 1491 647 1549 omnia
678 1491 893 1570 perscindente
922 1497 1018 1551 vento
1048 1496 1080 1548 et

81 1586 222 1664 rapiente.
249 1586 288 1644 Et
304 1606 377 1645 mox
407 1607 487 1666 aqua
515 1586 615 1646 levata
641 1596 746 1660 vento,
764 1608 834 1647 cum
863 1608 956 1668 super
978 1586 1078 1666 gelida

80 1681 226 1740 montium
241 1681 317 1762 juga
345 1690 490 1742 concreta
512 1691 602 1756 esset,
626 1690 748 1743 tantum
780 1684 896 1744 nivosae
921 1683 1080 1762 grandinis

80 1778 196 1857 dejecit,
223 1785 268 1852 ut,
308 1779 452 1838 omnibus
491 1781 624 1854 omissis,
658 1780 898 1859 procumberent
925 1781 1077 1852 homines,

22 1881 23 1926 i
81 1875 260 1951 tegminibus
271 1875 334 1934 suis
351 1876 447 1954 magis
463 1877 565 1936 obruti
581 1897 673 1956 quam
689 1878 777 1948 tecti;
795 1884 944 1957 tantaque
959 1877 1007 1935 vis
1024 1877 1079 1934 fri·

22 1959 23 1994 ³
79 1971 155 2046 goris
170 1971 307 2031 insecuta
321 1978 378 2040 est,
396 1979 430 2032 ut
443 1994 480 2031 ex
497 1973 547 2032 illa
562 1973 729 2032 miserabili
748 1973 907 2033 hominum
922 1973 1079 2054 jumento-

79 2087 203 2147 rumque
221 2076 323 2148 strage
345 2065 414 2128 eum
432 2090 464 2128 se
486 2071 616 2150 quisque
632 2070 779 2130 extollere
799 2091 835 2130 ao
856 2069 959 2129 levare
974 2069 1076 2138 vellet,

79 2163 127 2222 diu
142 2166 294 2245 nequiret,
321 2166 403 2246 quia,
426 2166 622 2248 torpentibus
637 2167 738 2246 rigore
753 2167 867 2242 nervis,
889 2166 941 2226 vix
955 2167 1078 2226 flectere
1131 2192 1134 2200 ·

79 2266 157 2320 artus
169 2268 325 2344 poterant.

356 2491 440 2550 206.
466 2495 544 2551 Une
572 2494 797 2554 inondation.

337 2603 394 2683 (De
422 2604 546 2666 Tiberis
567 2606 798 2689 exundatione.)

112 2761 228 2824 Tiberis
242 2763 364 2824 alveum
379 2765 511 2824 excessit
520 2772 551 2824 et
562 2765 793 2826 demissioribus
807 2767 882 2848 ripis
892 2767 953 2826 alte
968 2787 1074 2846 super·
1088 2779 1146 2836 1111,

80 2853 225 2922 tunditur.
244 2859 436 2941 Quamquam
452 2861 544 2936 lossa,
565 2883 657 2942 quam
675 2863 965 2943 providentissimus
979 2864 1075 2942 impe-

80 2960 158 3012 rator
180 2956 264 3031 fecit,
294 2958 471 3031 exhaustus,
506 2959 619 3038 premit
654 2959 761 3032 valles,
790 2960 912 3020 innatat
945 2960 1074 3040 eampis,

24 3109 25 3120 ἶ
80 3067 195 3129 quaque
218 3054 344 3134 planum
364 3053 465 3114 solum
481 3075 538 3135 pro
562 3055 628 3114 solo
648 3057 795 3116 cernitur.
820 3057 895 3116 Inde
914 3077 982 3137 quae
998 3057 1077 3116 solet

80 3143 200 3209 llumina
214 3150 353 3230 accipere
372 3159 404 3211 et
422 3151 574 3232 permixta
588 3153 751 3226 devehere,
771 3154 857 3212 velut
878 3153 1000 3228 obvius,
1020 3153 1083 3212 sis-·

24 3323 25 3326 Ἴ
80 3246 246 3324 terecogit;
267 3253 360 3328 atque
376 3248 419 3308 ita
434 3248 542 3309 alienis
560 3249 648 3330 aquis
667 3250 767 3331 operit
784 3269 886 3328 agree,
911 3271 990 3334 quos
1011 3250 1077 3330 ipse

24 3349 26 3396 1
79 3354 134 3396 uon
151 3344 260 3422 tangit.
282 3342 375 3418 Anio,
400 3345 637 3406 delicatissimus
657 3347 805 3421 amnium,
833 3346 965 3427 ideoque
993 3348 1078 3428 adja-

24 3499 25 3520 χ
78 3437 214 3498 centibus
225 3439 309 3500 villis
320 3440 407 3500 velut
419 3441 568 3502 invitatus
583 3451 794 3525 retentusque,
809 3464 919 3522 magna
937 3465 973 3504 ex
990 3453 1078 3525 parte

24 3579 26 3600 ,
78 3546 200 3595 nemora
243 3536 354 3617 quibus
388 3537 584 3600 inumbratur
624 3541 716 3618 fregit
750 3548 781 3600 et
815 3541 928 3621 rapuit,
956 3541 1079 3601 subruit

78 3636 205 3704 montes,
222 3639 254 3692 et
266 3633 473 3694 decidentium
489 3636 569 3697 mole
594 3637 734 3718 pluribus
749 3637 825 3697 locis
848 3637 981 3712 clausus,
1002 3639 1076 3698 dum

78 3725 219 3788 amissum
241 3729 301 3789 iter
329 3732 451 3812 quaerit,
482 3733 607 3830 impulit
629 3741 711 3794 teuta
733 3755 768 3794 ae
794 3756 826 3795 se
853 3756 945 3815 super
971 3735 1079 3793 ruinas

504 3885 604 3970 -ns
623 3951 652 3960 -
