2678 4250
249 178 355 234 rotsm.
373 209 413 218 -
428 177 540 231 notares.
562 201 607 214 „,
618 158 792 234 dioousuca.
811 201 850 210 -—
863 183 1024 223 onarnuns
1041 195 1079 204 -
1093 163 1252 216 auersuns
1335 201 1336 204 η

290 307 328 364 Et
349 325 468 364 mecum
490 303 520 362 in
542 323 633 361 curru
655 300 741 381 parvi
763 303 925 358 vectantur
947 297 1085 366 AmoreS,

330 402 581 482 Scriptorumqne
603 419 686 458 meas
707 397 795 456 turba
819 401 923 456 secuta
944 399 1038 450 rotas

198 501 201 508 ’
257 544 261 552 -
291 499 370 566 Quid
390 487 504 557 frustra
525 495 625 554 missis
646 495 678 552 in
699 515 747 552 nie
768 490 891 551 certatis
912 486 1063 546 habenis?

330 596 400 654 Non
421 594 511 653 datur
531 592 570 651 ad
593 591 697 650 Musas
718 608 839 648 currere
861 586 921 644 lata
943 583 1003 642 via.

180 702 182 706 '
292 692 394 762 Multi,
419 691 528 762 Roma,
554 696 620 746 tuas
642 686 748 746 laudes
769 683 929 744 annalibus
951 679 1074 753 addent,
1162 691 1164 694 '

239 786 241 788 ⁵
332 788 390 855 Qui
411 789 502 846 finem
525 785 646 864 imperii
668 785 777 843 Bactra
796 781 899 839 lutura
920 766 1057 837 canent:

293 886 363 957 Sed,
387 884 469 964 quod
487 903 561 963 pace
583 881 675 959 legaS,
699 900 776 959 opus
797 878 855 937 hoc
877 875 914 934 de
936 879 1039 933 monte
1061 873 1216 930 Sororum

332 981 452 1040 Detulit
473 981 586 1038 intacta
608 977 717 1056 pagina
740 981 843 1033 nostra
865 973 926 1031 via.

294 1077 410 1151 Mollia,
435 1076 607 1155 Pegasides,
632 1080 734 1132 vestro
755 1071 826 1130 date
848 1076 927 1129 serta
949 1073 1057 1147 poetae
1081 1082 1088 1122 ε

229 1197 248 1236 s
333 1175 403 1233 Non
423 1174 516 1234 laciet
536 1171 630 1251 capiti
652 1170 727 1229 dura
750 1187 864 1227 corona
886 1183 964 1224 meo.

289 1279 331 1337 At
351 1275 427 1334 mihi
450 1272 532 1354 quod
554 1273 627 1328 vivo
650 1269 826 1327 detraxerat
848 1263 953 1322 invida
976 1259 1077 1330 turba,

329 1373 402 1432 Post
424 1370 543 1430 obitum
566 1365 682 1446 duplici
705 1364 811 1422 fenore
833 1360 941 1419 reddet
963 1357 1072 1415 bonos,

290 1469 400 1530 Omnia
423 1473 493 1548 post
514 1464 634 1525 obitum
657 1462 745 1538 fingit
767 1459 884 1538 majora
905 1461 1056 1525 vetustas,
1079 1517 1082 1522 ,

329 1566 432 1645 Majus
453 1563 491 1623 ab
514 1560 665 1640 exsequiis
688 1577 799 1616 nomen
821 1556 853 1613 in
876 1574 930 1613 ora
952 1550 1049 1610 venit.

270 1693 355 1751 345.
375 1691 488 1748 ovlde
508 1690 545 1743 et
564 1687 621 1741 les
640 1685 769 1753 poetes
790 1683 838 1736 du
859 1679 971 1736 siecle
993 1677 1218 1745 d’Auguste.

374 1811 433 1889 (De
455 1807 565 1871 Ouidio
587 1813 616 1866 et
637 1805 675 1864 de
691 1802 792 1886 poetis
815 1799 957 1884 ejusdem
979 1798 1120 1880 aetatis).

191 1906 231 1969 2⁰
256 1902 413 1982 Temporis
434 1902 516 1962 illius
538 1903 618 1962 colui
641 1904 766 1984 fovique
788 1913 905 1984 poetas,

295 1999 437 2078 Quotque
459 1999 587 2058 aderant
608 2007 704 2073 vateS,
728 2001 816 2060 rebar
838 2001 942 2060 adesse
964 2001 1059 2064 Deos

255 2097 342 2175 Saepe
365 2118 434 2155 suas
454 2097 594 2156 volucres
616 2097 689 2176 legit
710 2097 785 2155 mihi
808 2099 953 2174 grandior
974 2119 1051 2172 aevo,

295 2193 429 2273 Quaeque
451 2201 542 2251 nocet
582 2215 716 2272 serpena,
740 2214 808 2272 quae
827 2194 916 2274 juvat
938 2195 1042 2262 herba,
1067 2194 1180 2278 Macer.

255 2290 342 2368 Saepe
364 2311 435 2348 suos
457 2291 564 2348 solitus
586 2291 713 2348 recitare
736 2290 912 2370 Propertius
935 2281 1031 2370 ignes,

294 2386 366 2445 Jure
388 2386 533 2459 sodalitii,
557 2407 619 2466 quo
641 2387 714 2445 milii
730 2388 856 2467 junctus
878 2396 953 2447 erat.

258 2484 401 2542 Ponticus
423 2483 528 2556 heroo,
553 2484 665 2542 Bassus
687 2505 809 2564 quoque
831 2485 932 2544 clarus
955 2483 1065 2544 iambis

295 2581 404 2640 Dulcia
426 2581 586 2639 convictus
607 2581 742 2640 membra
764 2581 849 2640 luere
871 2582 952 2654 mei;

255 2679 294 2736 Et
314 2678 414 2736 tenuit
435 2684 554 2738 nostras
576 2698 757 2737 numerosus
781 2678 929 2756 Horatius
950 2699 1049 2752 aureS,

293 2776 374 2834 Dum
396 2774 467 2832 ferit
487 2775 623 2833 Ausonia
644 2775 779 2834 carmina
801 2775 883 2834 culta
904 2775 981 2854 lyra.

253 2871 420 2950 Vergilium
442 2871 507 2928 vidi
528 2879 665 2944 tantum3
688 2892 745 2930 nec
765 2893 856 2931 avara
878 2870 1005 2930 Tibullo

292 2969 425 3048 Tempus
446 2968 589 3026 amicitiae
610 2967 672 3026 lata
694 2967 804 3026 dedere
826 2989 911 3028 meae.

251 3067 417 3124 Successor
438 3065 496 3123 luit
517 3065 565 3122 hic
586 3064 653 3137 tibi,
677 3063 783 3138 Galle;
808 3065 998 3144 Propertius,
1022 3065 1076 3126 illi.

293 3163 425 3229 Quartus
448 3161 485 3220 ab
507 3161 554 3219 his
576 3162 652 3220 serie
674 3163 822 3241 temporis
843 3163 909 3240 ipse
932 3164 987 3221 fui.

253 3260 356 3339 thue
378 3280 434 3337 ego
456 3259 597 3338 majores,
620 3259 664 3316 sic
685 3279 733 3317 me
755 3259 876 3318 coluere
898 3261 1041 3333 minoreS,

293 3356 433 3435 Notaque
455 3376 517 3414 non
539 3355 625 3414 tarde
646 3355 725 3414 lacta
746 3355 852 3414 Thalia
874 3377 940 3415 mea
962 3362 1018 3416 est.

254 3452 352 3510 Multa
374 3453 496 3532 quidem
519 3452 627 3532 scripsi
649 3471 657 3512 t
681 3453 734 3511 sed
755 3471 824 3533 quae
849 3453 956 3512 vitiosa
977 3452 1096 3534 putavi,

292 3549 507 3607 Emendaturis
529 3548 651 3626 ignibus
672 3550 737 3628 ipse
756 3550 837 3608 dedi.

250 3646 329 3703 Tum
351 3665 483 3725 quoque,
507 3665 577 3704 cum
599 3645 745 3724 sugerem,
768 3647 908 3727 quaedam
931 3646 1078 3726 placitura
1100 3643 1240 3708 cremavi

292 3742 390 3800 Iratus
413 3741 514 3799 studio
536 3743 782 3824 carminibusque
804 3743 889 3804 meis

671 3929 827 3981 —242-
