2656 4258
203 294 290 354 211.
309 276 379 354 Les
397 296 595 355 habitante
614 298 662 354 du
680 310 777 367 pays
798 297 842 354 de
862 299 1002 356 Tomes.

286 540 402 624 (Mores
425 524 659 637 Tomitanorum
682 538 923 630 depinquntur.)

523 815 528 828 ι
1041 801 1043 808 ⁴
1161 803 1175 830 θ

139 873 244 936 Turba
265 875 436 936 Tomitanae
458 839 589 955 quai'sit
608 867 754 954 regionis,
776 881 809 936 et
827 875 910 936 iuter
1134 792 1160 858 8

181 969 264 1040 Quos
284 971 422 1032 habitem
442 993 555 1045 mores,
577 972 695 1032 diecere
717 992 790 1033 cura
811 971 869 1032 tibi
890 972 962 1034 est?

121 1067 240 1152 ¹Mirta
262 1069 303 1128 sit
322 1069 390 1128 haec
409 1069 549 1153 quamuis
571 1069 658 1154 iuter,
673 1069 861 1148 Graecosque
883 1067 1067 1154 Getasque„
1144 1125 1174 1134 ,

103 1149 130 1184 ’ζ’
175 1166 208 1224 Ἀ
229 1164 308 1224 male
328 1165 446 1246 pacatis
467 1166 536 1246 plus
559 1165 653 1224 trahit
674 1187 727 1225 ora
749 1165 847 1227 Getis.
906 1150 909 1156 ,
982 1149 986 1158 ’

130 1247 319 1322 'Sarmaticae
341 1262 441 1342 major
461 1263 640 1343 Geticaeque
661 1262 834 1342 frequentia
856 1261 956 1340 gentis

180 1357 239 1419 Per
260 1358 376 1424 medias
397 1359 428 1418 in
451 1359 537 1439 equis
559 1353 647 1440 itque
669 1358 811 1439 reditque
833 1359 916 1434 v‘ias3

140 1454 178 1514 In
200 1455 311 1537 quibus
332 1463 379 1516 est
400 1476 490 1516 nemo
513 1455 566 1536 qui
589 1476 651 1514 non
673 1462 803 1536 coryton
824 1461 857 1514 et
876 1441 982 1540 areu'rn
1012 1469 1026 1520 ·,
1131 1531 1133 1541 Ι

103 1565 105 1568 “
180 1551 316 1633 Telaque
336 1553 462 1632 vipereo
483 1552 582 1612 lurida
603 1552 673 1610 felle
695 1557 792 1630 gerat.

138 1649 210 1710 Vox
230 1649 311 1724 fera,
327 1656 399 1709 trux
420 1649 536 1724 vultus,
558 1649 718 1710 verissima
739 1649 848 1733 Martis
869 1649 997 1729 imago:

103 1740 105 1742 ’
178 1744 248 1805 Nou
270 1766 368 1821 coma,
392 1746 536 1816 nonulla
558 1746 653 1806 barba
675 1753 791 1805 resecta
812 1766 917 1807 manu.
957 1757 958 1762 ’
1017 1804 1020 1810 .

5 1863 7 1874 ¹
139 1841 272 1902 Dextera
294 1862 357 1901 non
379 1831 482 1921 segnis
503 1843 611 1926 stricto
632 1842 705 1902 dare
728 1842 854 1902 vulnera
867 1842 987 1917 cuine,

101 1932 105 1936 ’
181 1937 278 2006 Quem
299 1940 440 2002 vinetum
461 1940 549 1999 lateri
571 1941 725 2001 Barbarus
747 1939 847 1999 omnis
869 1938 973 2003 habet.

5 2073 6 2082 η
103 2033 211 2098 ‚Sive
232 2035 334 2118 locum
357 2043 474 2117 specte,
497 2037 583 2111 locus
605 2043 652 2097 est
672 2035 855 2112 inamabilis,
878 2042 911 2098 et
931 2055 992 2118 quo
1026 2091 1029 2098 ,
1093 2091 1095 2096 ,

180 2132 254 2192 Esse
275 2132 352 2191 nihil
373 2139 441 2193 toto
462 2133 580 2193 tristius
601 2132 676 2196 orbe
697 2139 813 2212 potest;
1103 2211 1106 2216 Ι

100 2222 107 2229 ’
136 2227 211 2288 Sive
232 2229 384 2304 homines,
407 2230 460 2289 vix
480 2236 553 2289 sunt
572 2229 713 2296 hemines
735 2230 793 2288 hoc
815 2228 940 2289 nomIne
960 2227 1057 2307 digni,
1101 2240 1109 2316 ’ν

179 2325 340 2407 Quamque
361 2326 426 2407 lupi
448 2347 547 2387 saevae
568 2327 638 2407 plus
659 2324 794 2389 feritatis¹
810 2325 935 2388 habent.

139 2422 212 2506 Non
233 2430 378 2483 metuunt
397 2423 491 2502 legeS,
515 2423 568 2483 sed
590 2423 673 2484 cedit
693 2423 814 2508 viribus
834 2407 977 2502 aequum‘,

102 2526 109 2604 J
180 2520 333 2600 Victaque
354 2521 488 2600 pugnaci
506 2521 577 2601 jura
599 2520 656 2580 sub
678 2540 750 2580 ense
768 2520 885 2600 jacent.

104 2623 107 2630 '
131 2615 276 2677 ‘Pellibus
297 2624 330 2676 et
349 2616 426 2676 laxis
447 2624 554 2676 arcent
575 2617 654 2677 mala
675 2617 790 2695 frigora
811 2616 920 2689 bracia,

103 2790 106 2797 β
156 2787 159 2794 Ι
180 2713 303 2793 Oraque
325 2719 399 2772 sunt
418 2713 519 2792 longis
541 2713 665 2773 horrida
686 2720 767 2773 tecta
789 2713 896 2774 comis.

138 2799 188 2892 ΙίιῑΙ
198 2809 304 2890 paucis
327 2817 450 2874 exstant
472 2810 589 2874 Graecae
611 2809 741 2889 vestigia
761 2809 910 2888 linguae:

180 2907 265 2968 Haec
286 2927 410 2989 quoque
427 2907 492 2988 jam
515 2907 625 2970 Getico
647 2905 774 2967 barbara
795 2906 875 2967 facta
897 2927 984 2970 sono.

137 3001 228 3063 Unus
249 3003 281 3062 in
303 3003 362 3066 hoc
382 3025 445 3066 non
467 3007 513 3064 est
534 3003 661 3084 popule,
685 3002 739 3084 qui
759 3004 839 3063 sorte
859 3003 952 3067 latine

105 3113 107 3124 '
171 3099 342 3178 ¹Quaelibet
362 3121 379 3164 e
400 3101 502 3164 medio
523 3101 652 3160 reddere
673 3100 766 3161 verba
788 3091 892 3180 queat.

101 3253 103 3260 ,
139 3195 197 3259 Ille
218 3216 278 3277 ego
298 3196 458 3260 Romanus
478 3205 565 3258 vates
588 3197 763 3278 (ignoscite,
786 3196 919 3278 Musae),

101 3283 103 3290 ’
179 3293 350 3354 Sarmatico
371 3313 466 3376 cogor
486 3293 619 3377 plurima
641 3315 727 3355 more
747 3293 844 3374 loqui.
