2678 4250
174 180 259 241 242.
279 180 435 239 Devolrs
455 181 539 240 d’un
557 179 753 238 intendant
772 181 817 236 de
836 179 965 236 ferme.

354 284 453 367 (Quae
470 283 533 346 sint
554 283 641 344 vilici
660 283 793 366 officia.)

112 443 228 503 Vilicus
249 443 413 524 disciplina
428 444 508 503 bona
530 450 646 504 utatur.
663 443 761 502 Feriee
776 449 947 503 serventur.
963 443 1073 503 Alieno
1101 437 1141 504 2⁶

78 560 197 600 manum
217 541 382 601 abstineat.
407 541 467 600 Sua
487 546 589 600 servet
609 540 785 619 diligenter.
811 540 929 599 Litibus
952 539 1074 599 familiae

77 637 279 716 supersedeat.
300 638 332 696 Si
350 638 419 718 quis
432 637 504 719 quid
524 637 699 716 deliquerit,
712 657 768 717 pro
782 657 862 696 noxa
882 636 963 696 bono
982 635 1075 695 modo

76 735 218 796 vindicet.
236 734 373 796 Familiae
393 733 472 794 male
488 755 526 793 ne
541 735 591 808 sit,
603 755 641 794 ne
657 734 766 812 algeat,
783 755 821 794 ne
836 734 968 806 esuri'at3
984 752 1076 813 opere

75 830 148 890 bene
163 837 303 890 exerceat
322 850 329 892 :
352 829 476 891 facilius
490 831 571 890 malo
587 837 618 890 et
635 830 734 890 alieno
753 829 939 910 prohibebit.
960 829 1077 890 Vilicus

75 928 98 985 si
113 927 198 987 nolet
216 929 295 987 male
325 927 437 1002 facere,
459 947 521 986 non
537 928 640 988 laciet.
663 928 695 986 Si
715 947 822 1006 passus
843 926 911 1000 erit,
934 925 1077 985 dominus

75 1025 197 1104 impune
212 1045 250 1083 ne
265 1025 347 1084 sinat
369 1045 447 1086 esse.
463 1023 582 1083 Vilicus
597 1045 635 1083 ne
650 1023 691 1082 sit
704 1023 888 1096 ambulator,
905 1022 1026 1082 sobrius
1037 1021 1078 1082 sit

74 1141 201 1201 semper,
224 1121 262 1180 ad
286 1141 395 1180 cenam
415 1141 452 1180 ne
472 1141 534 1201 quo
553 1128 613 1180 eat.
635 1121 681 1178 Ne
699 1119 769 1200 plus
788 1126 913 1179 censeat
928 1139 1033 1199 sapere
1045 1138 1076 1177 se

73 1239 163 1297 quam
181 1217 354 1278 dominum.
376 1217 503 1276 Amicos
523 1217 652 1290 domini,
669 1238 722 1276 eos
742 1215 854 1276 babeat
872 1215 930 1276 sibi
950 1215 1075 1276 amicos.

75 1315 199 1394 lujussu
212 1315 341 1389 domini,
357 1314 463 1374 credat
481 1314 608 1374 nemini.
629 1313 882 1381 Quod'dominus
902 1311 1075 1384 crediderit,

75 1413 190 1490 exigat.
218 1411 305 1470 Satui
328 1432 443 1484 semen,
465 1411 590 1484 cibaria,
606 1411 662 1484 lar,
685 1411 804 1482 vinum,
819 1411 920 1470 oleum
935 1417 1077 1469 mutuum

74 1508 194 1568 dederit
207 1508 335 1568 nemini.
352 1509 437 1568 Duas
452 1515 506 1568 aut
520 1514 581 1566 tres
596 1506 729 1566 familias
740 1507 953 1578 habeat,'unde
964 1505 1077 1566 utenda

22 1607 23 1610 ’
75 1612 174 1682 roget,
197 1604 362 1684 atquibus
388 1604 459 1677 det;
486 1611 633 1684 praeterea
661 1605 787 1664 nemini.
818 1603 981 1662 Rationem
1007 1623 1077 1662 cum

74 1701 200 1760 domino
210 1700 317 1760 crebro
326 1708 425 1780 putet.
439 1701 484 1760 Ne
495 1701 570 1781 quid
578 1701 686 1760 emisse
694 1701 769 1760 velit
780 1701 928 1760 insciente
939 1699 1077 1775 domino,

78 1819 112 1856 ne
132 1798 211 1877 quid
229 1798 389 1857 dominum
408 1797 556 1857 celavisse
576 1797 660 1857 velit.
683 1798 898 1877 Haruspicem,
917 1816 1077 1874 augurem,

75 1894 239 1967 hariolum,
258 1893 438 1954 Chaldaeum
458 1915 496 1953 ne
514 1914 604 1974 quem
620 1894 809 1953 consuluisse
831 1893 915 1952 velit.
937 1892 1079 1971 Segetem

73 2012 107 2050 ne
129 1991 302 2052 defrudet:
330 2012 400 2050 nam
423 1991 455 2050 id
486 1991 592 2051 infelix
623 1998 680 2051 est.
707 1990 792 2069 Opus
814 1990 961 2048 rusticum
988 2008 1079 2048 omne

73 2096 157 2148 curet
184 2089 227 2147 uti
255 2088 332 2147 sciat
356 2088 467 2161 lacere,
490 2096 522 2147 et
544 2087 575 2146 id
594 2087 686 2146 saciat
707 2107 798 2166 saepe,
821 2085 896 2158 dum
922 2107 959 2144 ne
980 2084 1077 2145 lassu's

64 2185 137 2246 'liat
160 2185 194 2244 Si
213 2185 331 2259 lecerit,
358 2185 448 2244 scibit
467 2185 499 2244 in
519 2194 622 2244 mente
642 2184 766 2243 familiae
795 2183 869 2264 quid
888 2183 957 2255 siet,
980 2191 1011 2242 et
1033 2179 1078 2242 illi

73 2283 180 2341 animo
195 2282 330 2362 aequiore
349 2281 475 2342 facient.
495 2281 616 2340 Primus
636 2281 743 2340 cubitu
762 2289 888 2358 surgat,
905 2287 1079 2360 postremus

73 2380 215 2438 cubitum
231 2385 291 2438 eat.
309 2379 397 2438 Prius
410 2379 516 2437 villam
534 2378 638 2437 videat
657 2379 760 2437 clausa
776 2377 821 2438 uti
834 2378 902 2448 siet,
919 2385 949 2436 et
965 2377 1009 2436 uti
1022 2396 1078 2437 suo

21 2477 22 2552 J
73 2477 211 2556 quisque
225 2475 295 2535 loco
312 2475 405 2535 cubet
419 2476 507 2534 etuti
518 2475 658 2555 jumenta
674 2474 820 2554 pabulum
835 2474 978 2534 babeant.

21 2677 23 2702 Ι
120 2706 209 2764 243.
230 2707 279 2762 Le
299 2703 549 2774 proprietaire
570 2706 676 2761 rural
695 2704 773 2762 doit
791 2703 876 2760 hieu
894 2704 1032 2762 treiter

449 2805 512 2850 ses
525 2794 706 2851 esclaves.

117 2897 277 2978 (Quantae
298 2917 391 2957 curae
413 2897 538 2956 domino
560 2895 671 2956 rustici
690 2895 774 2956 servi
793 2917 858 2957 esse
878 2895 1034 2979 debeant.)

21 3041 23 3048 Ι
110 3057 149 3116 ln
174 3056 271 3114 servis
297 3055 363 3115 haec
387 3056 449 3114 lere
467 3062 619 3135 praecepta
650 3054 800 3115 servanda
824 3063 907 3130 sunt,
939 3076 1008 3136 quae
1030 3077 1078 3116 me
1105 3060 1147 3124 3θ

70 3152 248 3212 custodisse
278 3172 340 3210 non
363 3152 501 3232 paenitet
533 3170 539 3211 :
569 3159 604 3210 ut
634 3152 776 3226 rusticos,
809 3152 861 3233 qui
889 3153 981 3211 modo
1016 3173 1079 3212 non

73 3249 274 3309 incommode
300 3269 332 3308 se
362 3248 535 3328 gessissent,
564 3249 677 3327 saepius
711 3271 801 3329 quam
826 3249 960 3308 urbanos
990 3249 1080 3308 lami-

73 3335 248 3426 liariusque
271 3345 454 3426 alloquerer,
479 3353 593 3405 etcum
609 3346 666 3404 hac
682 3347 826 3404 comitate
849 3346 965 3404 domini
984 3346 1079 3406 levari

70 3449 259 3524 perpetuum
287 3441 423 3502 laborem
450 3463 556 3502 eorum
591 3442 810 3521 intellegerem,
847 3463 1079 3524 nonnumquam

68 3541 178 3607 etiam,
205 3539 335 3620 jocarer,
370 3546 401 3598 et
428 3538 497 3619 plus
534 3539 608 3618 ipsis
639 3539 737 3620 jocari
769 3540 1002 3619 permitterem,
1024 3541 1080 3600 Illa

69 3656 201 3717 quoque
213 3635 372 3695 sollemnia
387 3643 460 3695 sunt
474 3636 704 3716 circumspectis
722 3636 864 3710 dominiS,
884 3645 919 3695 ut
934 3639 1079 3716 ergastuli

68 3731 230 3811 mancipia
249 3740 487 3811 recognoscant;
509 3740 544 3793 ut
560 3733 721 3813 explorent
735 3753 774 3792 an
796 3733 959 3813 diligenter
975 3734 1080 3794 vincta

501 3919 657 3972 -169-
