2678 4250
252 207 445 246 araur-anm.
471 221 508 231 -
523 190 673 245 nunecius,
696 219 735 229 —
757 205 898 244 avocxrs.
920 220 958 230 -·-
977 203 1173 243 raorsssnuas

213 320 383 400 perfectum
397 317 545 378 artificem
560 325 663 398 potest
678 317 826 395 efficere);
843 324 874 376 et
889 324 923 375 ut
938 317 1093 374 litteratus
1108 313 1159 386 sit,
1170 315 1218 372 uti

200 415 441 476 *commentariis
455 415 635 474 memoriam
649 414 814 473 firmiorem
828 414 950 472 efficere
965 412 1082 492 possit-3
1098 411 1221 491 peritus

213 512 392 592 graphidoS,
418 532 480 592 quo
500 511 620 571 facilius
635 532 727 591 quam
744 510 819 570 velit
840 510 942 589 operis
962 509 1096 588 speciem
1115 507 1221 566 defor-

213 629 298 668 mare
324 609 443 684 valeat;
473 609 612 668 eruditus
638 608 816 686 geometria,
847 627 916 685 quae
950 597 1082 688 primum
1109 601 1220 662 circini

213 705 310 765 tradit
322 727 422 777 usum,
439 725 532 785 equo
547 705 679 763 maxime
692 703 892 763 aedificiorum
909 703 939 760 in
953 702 1031 760 areis
1047 699 1221 780 expediun-

213 811 266 862 tur
278 801 512 881 descriptiones,
529 821 769 880 normarumque
785 807 816 858 et
835 798 983 858 linearum
1004 797 1189 857 directiones
1210 821 1219 867 ;

178 969 182 975 Δ
205 906 246 970 ¹et
267 898 385 978 optices
410 917 472 958 non
496 897 632 974 ignarus,
658 917 827 978 perquam
851 896 883 954 in
907 894 1044 955 aedificiis
1067 893 1106 951 ab
1124 891 1219 952 certis

215 990 391 1068 regionibus
410 990 476 1049 caeli
491 988 608 1048 lumina
628 996 711 1048 recta
731 989 907 1060 ducuntur3
931 987 1099 1046 instructus
1123 983 1220 1044 arith-

215 1092 336 1162 metica,
363 1112 418 1171 per
443 1112 535 1172 quam
564 1098 706 1171 sumptus
728 1090 928 1150 aedificiorum
950 1093 1218 1157 consummantur,

215 1208 428 1248 mensurarum
452 1187 586 1246 rationes
607 1186 811 1266 explicantur.
832 1187 902 1245 lam
923 1205 998 1243 vero
1021 1183 1167 1242 historias
1187 1189 1221 1240 et

215 1284 455 1365 philosophiam,
476 1283 769 1364 jurisconsultorum
793 1301 939 1361 responsa
961 1285 992 1339 et
1019 1279 1220 1356 astrologiam

216 1381 352 1440 breviter
376 1380 538 1456 attigerit:
558 1379 712 1460 encyclios
732 1380 813 1456 enim
835 1376 1009 1458 disciplina,
1034 1377 1079 1434 uti
1103 1395 1221 1455 corpus

216 1499 323 1550 unum,
346 1497 382 1538 ex
402 1477 451 1536 his
473 1477 619 1535 membris
640 1484 687 1536 est
702 1476 885 1556 composita.

359 1653 454 1721 Ι293.
470 1654 619 1724 origine
635 1655 680 1710 de
694 1653 829 1711 l'ordre
845 1650 1060 1710 corinthien.

447 1757 504 1837 (De
520 1756 680 1819 Corinthii
694 1755 829 1838 capituli
842 1752 995 1837 origine)-
1071 1758 1073 1761 ’

151 1900 193 1965 8⁰
255 1895 393 1960 Tertium
409 1920 506 1977 genus
527 1899 751 1971 columnarum,
775 1896 858 1977 quod
873 1895 1070 1956 Corinthium
1093 1894 1220 1966 dicitur,

217 1996 377 2075 virginalis
391 1995 485 2055 habet
499 1995 680 2074 gracilitatis
694 1995 911 2053 imitationem.
929 1992 1003 2072 Ejus
1019 1999 1121 2051 autem
1137 1992 1222 2070 capi-

218 2093 276 2153 tuli
291 2094 388 2173 prima
405 2093 545 2152 inventio
560 2093 604 2151 sic
621 2098 810 2150 memoratur
824 2111 890 2149 esse
905 2091 996 2150 lacta.
1014 2089 1121 2166 Virgo,
1134 2087 1222 2153 ¹civis

219 2190 391 2261 Corinthia,
408 2189 470 2268 jam
486 2196 605 2248 matura
621 2188 749 2267 nuptiis,
774 2187 923 2267 implicita
942 2186 1050 2245 morbo
1075 2185 1219 2243 decessit.

220 2287 294 2354 Post
305 2284 495 2366 sepulturam
510 2285 586 2365 ejus,
603 2284 714 2366 quibus
727 2283 814 2362 virgo
826 2283 939 2363 joculis
952 2281 1173 2351 delectabatur,
1186 2296 1227 2339 ea·

219 2382 323 2440 nutrix
341 2381 468 2440 collecta
491 2388 522 2441 et
538 2383 709 2462 composita
726 2382 757 2440 in
773 2379 893 2440 calatho
908 2379 1037 2460 pertulit
1057 2379 1095 2438 ad
1110 2399 1224 2437 monu-

219 2484 371 2553 mentum,
388 2485 419 2536 et
436 2477 468 2537 in
486 2498 606 2537 summo
623 2478 806 2550 collocavit3
823 2483 865 2551 et,
881 2477 927 2535 uti
951 2497 987 2536 ea
1005 2482 1224 2555 permanerent

219 2574 337 2633 diutius
355 2573 412 2632 sub
431 2573 514 2648 divo,
537 2575 639 2652 tegula
656 2574 743 2635 texit.
766 2575 795 2632 ls
812 2572 952 2632 calathus
973 2572 1104 2632 fortuito
1127 2592 1222 2650 supra

220 2671 343 2732 achanti
358 2671 493 2731 radicem
508 2676 605 2731 luerat
619 2670 798 2733 collocatus.
817 2670 943 2728 Interim
959 2669 1093 2748 pondere
1115 2688 1221 2748 pressa

220 2767 308 2827 radix
323 2767 445 2826 acanthi
460 2768 559 2827 media
580 2767 652 2826 lolia
679 2773 711 2826 et
728 2765 875 2825 coliculos
895 2766 974 2824 circa
991 2784 1121 2824 vernum
1143 2772 1222 2822 tem-

220 2885 277 2946 pus
292 2864 453 2944 profudit:
469 2863 559 2944 cujus
574 2863 705 2936 coliculi,
721 2863 889 2922 secundum
903 2861 1016 2921 calathi
1029 2860 1125 2920 latera
1139 2881 1221 2920 cres-

219 2969 324 3021 centes
345 2967 376 3020 et
394 2959 432 3020 ab
453 2961 574 3038 angulis
592 2960 704 3039 tegulae
726 2959 870 3039 ponderis
889 2960 1072 3018 necessitate
1096 2977 1223 3038 expres-

220 3079 272 3131 sae,
298 3056 486 3117 flexurasin
513 3064 664 3117 extremas
694 3064 796 3136 partes
820 3056 996 3115 volutarum
1022 3055 1122 3135 facere
1149 3062 1222 3113 sunt

219 3155 330 3216 coacti.
349 3154 436 3214 Tunc
451 3153 669 3226 Callimachus,
690 3154 742 3234 qui
757 3161 884 3234 propter
898 3151 1081 3231 elegantiam
1097 3158 1129 3210 et
1148 3152 1222 3210 sub-

220 3250 363 3310 tilitatem
387 3251 463 3311 artis
486 3271 665 3310 marmoreae
687 3250 725 3309 ab
748 3249 989 3310 Atheniensibus
1014 3248 1222 3308 Catatechnos

221 3348 322 3407 fuerat
343 3348 531 3419 nominatuS,
552 3347 730 3428 praeteriens
745 3347 804 3406 hoc
823 3352 1058 3406 monumentum
1081 3345 1223 3406 animad-

220 3444 314 3502 vertit
336 3465 406 3504 eum
429 3443 595 3517 calathum,
619 3450 650 3503 et
671 3441 752 3502 circa
768 3442 912 3502 loliorum
938 3449 1114 3502 nascentem
1136 3449 1223 3502 tene-

221 3541 366 3614 ritatem;
393 3540 623 3621 delectatusque
652 3559 761 3619 genere
783 3547 814 3598 et
837 3540 943 3599 formae
965 3540 1103 3598 novitate
1121 3539 1167 3599 'ad
1190 3540 1223 3599 id

222 3635 377 3724 exemplar
390 3636 547 3696 columnas
572 3637 652 3717 apud
668 3635 847 3696 Corinthios
862 3637 946 3708 lecit,
966 3637 1223 3718 symmetriasque

221 3733 382 3794 constituit
400 3753 437 3790 ex
458 3754 505 3804 eo,
527 3733 610 3812 quod
627 3734 658 3792 in
676 3754 803 3814 operum
819 3734 1060 3813 perfectionibus
1075 3733 1222 3794 corinthii

223 3829 342 3907 generis
359 3828 517 3888 distribuit
531 3831 676 3890 rationes.

641 3962 675 3972 ·-
694 3933 743 3984 206
764 3963 797 3970 —-
