2670 4252
531 185 729 225 msanucriou.
753 172 973 228 ——1'mucn‘uou

255 293 456 370 temperabat.
472 296 512 352 At
527 317 608 356 nune
631 304 720 355 natus
741 297 842 357 infans
862 299 1021 378 delegatur
1033 301 1183 361 Graeculae
1200 304 1254 362 ali-

243 386 305 480 ¹¹cui
320 389 449 462 ancillae,
471 391 519 450 cui
531 392 710 471 adjungitur
724 415 803 453 unus
821 404 874 454 aut
890 397 967 455 alter
984 419 1020 456 ex
1033 399 1176 456 omnibus
1191 420 1254 458 ser·
1322 433 1323 446 .

232 478 313 550 uis,
337 485 516 567 plerumque
538 488 713 562 vilissimus,
738 512 793 550 nec
814 493 958 572 cuiquam
981 495 1060 552 serio
1081 495 1254 554 ministerio

254 583 514 645 accommodatus.
533 585 651 644 Horum
663 587 773 645 labulis
785 597 816 646 et
827 589 982 674 erroribus
995 573 1090 649 teneri
1102 592 1205 650 statim
1220 601 1252 650 et

253 678 346 736 rudes
371 680 464 738 animi
493 682 684 742 imbuuntur.
715 683 796 750 Quin
821 685 912 743 etiam
939 687 996 766 ipsi
1026 696 1167 766 parentes
1197 709 1253 747 nec

253 775 399 852 probitati
417 798 516 857 neque
531 779 688 838 modestiae
703 781 848 860 parvulos
861 784 1077 853 assuefaciunt,
1096 785 1148 842 sed
1163 785 1253 844 lasci-

251 871 311 928 viae
335 879 367 930 et
386 873 556 946 dicacitati;
579 897 633 954 per
653 898 730 955 quae
751 878 896 955 paulatim
920 879 1111 958 impudentia
1133 881 1251 960 irrepit,

251 977 283 1027 et
295 970 342 1027 sui
355 969 507 1048 alienique
522 980 726 1052 contemptus,
737 974 806 1031 lam
819 995 892 1032 vero
908 977 1029 1055 propria
1042 984 1072 1035 et
1084 977 1251 1056 peculiaria
1322 981 1323 994 ¹

252 1065 344 1145 hujus
360 1066 444 1125 urbis
462 1067 536 1127 vitia
549 1090 635 1147 paene
646 1070 676 1126 in
692 1077 780 1129 utero
797 1072 902 1129 matris
917 1055 1036 1152 concipi
1053 1073 1128 1134 mihi
1143 1074 1250 1132 viden-

251 1169 311 1230 tur,
327 1162 514 1249 histrionalis
531 1165 618 1223 favor
630 1173 661 1224 et
677 1166 880 1243 gladiatorum
900 1189 1111 1248 equorumque
1129 1170 1250 1243 studia;
1322 1187 1323 1242 l

251 1258 362 1336 quibus
377 1269 545 1340 occupatus
561 1270 591 1321 ct
603 1262 744 1321 obsessus
759 1263 877 1322 animus
891 1265 1072 1344 quantulum
1087 1265 1146 1324 loci
1161 1266 1252 1326 bonis
1322 1249 1323 1312 l

250 1355 368 1414 artibus
382 1356 545 1437 relinquitl

447 1578 504 1634 61.
531 1581 601 1636 Sur
616 1580 650 1635 le
671 1579 779 1637 choix
798 1581 882 1637 d'un
898 1584 1043 1640 mettre.
1128 1635 1132 1641 .
1198 1617 1200 1622 ,

313 1691 484 1770 (eraatum
507 1691 628 1753 intersit
650 1714 742 1774 quem
765 1693 951 1776 mapistrum
971 1695 1182 1776 eleperimus.)

183 1851 223 1914 2θ
258 1885 259 1888 ¹
278 1862 435 1930 Quantum
457 1861 489 1918 in
511 1882 559 1920 me
579 1861 684 1927 fuerit,
704 1861 803 1918 enitar
827 1867 860 1916 ut
881 1858 962 1916 filius
983 1866 1054 1916 tuus
1072 1865 1103 1915 et
1121 1856 1202 1935 patri
1218 1864 1250 1914 et

239 1977 297 2015 avo
312 1957 420 2016 similis
440 1958 578 2017 exsistat.
603 1957 721 2024 Quibus
744 1957 783 2014 ita
808 1955 931 2013 demum
950 1953 1058 2013 similis
1077 1953 1247 2020 adulescat,

241 2053 267 2112 si
286 2054 425 2112 imbutus
446 2054 584 2113 honestis
602 2053 717 2112 artibus
740 2053 855 2119 luerit„
868 2073 944 2130 quas
966 2050 1132 2131 plurimum
1152 2049 1250 2107 refert
1322 2075 1323 2092 r

238 2171 256 2209 a
288 2172 350 2229 quo
374 2151 567 2230 potissimum
594 2150 735 2228 accipiat.
766 2149 876 2207 Adhuc
900 2149 985 2206 illum
1006 2146 1250 2227 pueriliaeratio

238 2247 320 2304 intra
336 2247 574 2305 contubernium
585 2254 672 2304 tuum
686 2248 799 2308 tenuit:
814 2252 1020 2326 praeceptores
1035 2242 1248 2302 domihabuit.

240 2343 311 2401 Jam
337 2343 439 2400 studia
462 2344 529 2423 ejus
553 2350 639 2401 extra
662 2342 752 2400 limen
781 2343 963 2422 proferenda
989 2348 1085 2422 sunt,
1100 2341 1165 2419 jam
1188 2339 1251 2397 cir-

240 2439 494 2518 cumspiciendus
527 2439 643 2502 rhetor.
683 2441 772 2519 cujus
801 2439 914 2497 scholae
945 2438 1104 2516 severitas,
1133 2435 1249 2516 pudor,
1322 2431 1323 2444 .

238 2533 271 2594 in
295 2536 402 2615 primis
428 2537 552 2595 castitas
578 2545 709 2596 constet.
737 2537 852 2594 Videor
877 2557 933 2613 ego
957 2535 1167 2593 demonstrare
1189 2533 1249 2591 tibi

244 2644 334 2704 posse
357 2626 472 2683 lulium
501 2627 690 2685 Genitorem.
718 2626 772 2682 Vir
796 2633 841 2683 est
868 2625 1048 2683 emendatus
1070 2637 1100 2684 et
1129 2627 1241 2704 gravis,

243 2723 336 2803 paulo
351 2723 443 2782 etiam
462 2723 615 2780 horridior
627 2731 656 2780 et
676 2722 793 2795 durior,
812 2730 847 2781 ut
863 2723 893 2780 in
908 2722 963 2780 hac
981 2722 1105 2780 licentia
1124 2730 1243 2803 tempo-

243 2841 322 2880 rum.
343 2821 497 2886 Quantum
520 2820 693 2898 eloquentia
709 2818 819 2890 valeat,
841 2819 980 2898 pluribus
993 2819 1116 2878 credere
1134 2829 1242 2898 potes;

244 2938 313 2976 nam
332 2916 455 2975 dicendi
477 2916 604 2974 facultas
625 2924 729 2994 aperta
751 2924 781 2974 et
802 2917 940 2995 exposita
960 2916 1063 2974 statim
1089 2917 1240 2978 cernitur.

242 3015 315 3072 Vita
332 3013 490 3071 hominum
507 3013 584 3071 altos
605 3034 741 3071 recessus
764 3034 950 3092 magnasque
970 3013 1101 3072 latebras
1125 3003 1241 3087 habet;

242 3111 331 3190 cujus
350 3131 406 3190 pro
429 3110 575 3168 Genitore
599 3131 646 3166 me
676 3129 854 3188 sponsorem
874 3110 989 3188 accipe.
1015 3109 1098 3166 Nihil
1125 3130 1161 3168 ex
1182 3110 1242 3170 hoc

242 3208 309 3265 viro
342 3208 422 3266 filius
446 3216 517 3265 tuus
544 3207 658 3276 audiet,
690 3207 747 3263 nisi
775 3207 991 3284 profuturum,
1021 3207 1096 3265 nihil
1128 3207 1239 3280 discet,

241 3304 326 3384 quod
349 3304 481 3363 nescisse
507 3300 621 3361 rectius
649 3303 751 3362 luerit.
782 3305 844 3361 Nec
877 3303 979 3360 minus
1010 3323 1091 3381 saepe
1122 3303 1159 3360 ab
1184 3304 1240 3362 illo

242 3422 333 3480 quam
352 3409 410 3459 ate
432 3420 540 3478 meque
562 3399 777 3458 admonebitur
801 3400 912 3480 quibus
949 3399 1134 3480 imaginibus
1163 3417 1240 3459 one-

241 3504 337 3569 retur,
375 3519 452 3576 quae
492 3497 615 3555 nomina
661 3502 692 3554 et
732 3507 845 3575 quanta
887 3497 1047 3556 sustineat.
1093 3496 1239 3568 Proinde,

242 3595 416 3654 laventibus
442 3595 511 3666 diis,
537 3593 622 3652 trade
645 3614 714 3651 eum
737 3593 919 3673 praeceptori
944 3615 960 3652 a
981 3614 1041 3672 quo
1059 3613 1160 3650 mores
1178 3594 1240 3672 pri-

240 3713 335 3760 mum,
360 3711 430 3748 mox
454 3691 661 3767 eloquentiam
682 3690 789 3763 discat,
810 3712 879 3770 quae
903 3690 982 3748 male
1009 3691 1073 3747 sine
1100 3690 1241 3748 moribus

240 3789 381 3847 discitur.
