2682 4258
280 192 365 248 450.
386 193 439 248 Le,
456 191 510 247 101,
526 190 649 247 divine
670 191 729 247 est
748 190 934 246 eternelle.

390 295 517 378 (Divina
540 297 590 356 lec
611 302 736 370 aeterna
757 294 827 377 est.)
858 316 862 321 ’
938 315 940 318 ·

95 455 99 461 ’
149 453 203 512 Est
227 453 351 537 quidem
376 475 447 514 vera
477 455 525 514 lex
545 463 629 542 recta
656 436 753 524 ratio,
771 459 898 513 naturae
922 473 1105 532 congruens,
1136 451 1177 515 3·

111 549 220 610 diffusa
244 551 275 609 in
299 571 417 624 omneS,
442 560 599 624 constanS,
624 551 822 631 sempiterna,
850 571 928 630 quae
952 557 1042 609 vocet
1069 548 1108 608 ad

111 647 243 706 officium
259 647 409 729 jubendo,
430 648 564 708 vetando
582 670 598 709 a
614 647 721 708 fraude
734 648 897 720 deterreat,
913 668 991 726 quae
1005 653 1108 705 tamen

111 762 209 824 neque
220 744 334 824 probos
346 744 456 804 frustra
470 745 560 825 jubet
570 751 623 804 aut
633 749 728 817 vetat,
739 765 794 804 nec
805 743 962 823 improbos
969 743 1110 824 jubendo

110 848 163 901 aut
178 841 310 901 vetando
328 848 443 900 movet.
467 842 548 900 Huic
569 841 627 919 legi
648 863 704 901 nec
718 841 859 920 obrogari
874 841 920 900 fas
935 847 991 912 est,
1009 861 1111 921 neque

110 937 251 1017 derogari
268 959 305 997 ex
322 939 379 998 hac
399 939 515 1019 aliquid
535 938 616 1013 licet,
634 959 733 1019 neque
748 945 812 998 tota
832 937 972 1016 abrogari
988 943 1109 1016 potest;

110 1051 166 1094 nec
179 1056 252 1094 vero
271 1041 325 1095 aut
345 1057 399 1115 per
418 1047 557 1094 senatum
574 1043 627 1095 aut
643 1057 698 1115 per
717 1035 865 1115 populum
881 1033 958 1093 solvi
971 1033 1028 1092 hac
1043 1032 1112 1110 lege

108 1151 284 1211 possumus
299 1153 398 1212 neque
422 1139 469 1191 est
484 1132 676 1212 quaerendus
694 1132 875 1212 explanator
891 1138 947 1192 aut
957 1130 1112 1210 interpres

108 1227 176 1308 ejus
191 1225 279 1302 alius,
293 1249 349 1288 nec
359 1229 415 1288 erit
431 1228 489 1288 alia
503 1229 550 1288 lex
565 1230 691 1301 Romae,
709 1229 768 1288 alia
782 1229 924 1302 Athenis,
940 1226 999 1287 alia
1014 1246 1110 1299 nunc,

18 1339 19 1404 ἶ
96 1325 166 1387 ¹alia
184 1325 326 1404 posthac;
345 1326 398 1384 sed
413 1334 443 1386 et
456 1344 561 1384 omnes
575 1335 680 1404 gentes
696 1333 725 1384 et
740 1327 824 1384 omni
838 1331 977 1404 tempore
991 1333 1050 1382 una
1061 1322 1112 1382 lex
1131 1341 1135 1346 “
1157 1339 1161 1386 ἶ

109 1430 138 1480 et
148 1421 336 1500 sempiterna
350 1430 380 1480 et
391 1423 591 1482 immutabilis
604 1423 786 1494 continebit,
801 1443 941 1502 unusque
955 1421 1014 1480 erit
1027 1431 1113 1479 co'm-

108 1519 211 1577 munis
224 1519 310 1600 quasi
322 1520 469 1598 magister
482 1526 514 1578 et
527 1520 695 1598 imperator
706 1520 843 1578 omnium
859 1519 933 1578 deus
946 1536 953 1578 :
970 1516 1021 1576 ille
1033 1516 1111 1594 legis

108 1615 203 1696 hujus
212 1615 367 1689 inventor,
380 1615 578 1696 disceptator,
591 1617 680 1689 lator,
693 1617 742 1675 cui
758 1617 811 1698 qui
826 1636 887 1674 non
899 1614 1029 1695 parebit,
1045 1614 1110 1692 ipse

108 1731 139 1770 se
163 1711 264 1790 fugiet
287 1733 322 1772 ac
346 1720 487 1772 naturam
515 1713 648 1772 hominis
673 1721 853 1793 aspernatus
876 1714 932 1770 hoc
952 1712 1019 1791 ipso
1046 1702 1111 1768 luet

18 1839 19 1882 3
107 1807 257 1867 maximas
269 1829 396 1888 poenae,
410 1809 502 1868 etiam
516 1810 542 1868 si
553 1817 653 1869 cetera
674 1809 833 1890 supplicia,
851 1830 928 1891 quae
947 1815 1108 1888 putantur,
1174 1885 1176 1888 ι

18 1925 19 1940 ’
108 1905 263 1983 effugerit.

408 2099 493 2168 451.
513 2100 567 2154 La
586 2097 810 2157 conscience.

464 2212 521 2294 (De
542 2211 755 2294 conscientia.)
845 2206 848 2212 Α

18 2461 19 2464 ¹
147 2387 310 2455 Quomodo
325 2388 385 2448 hoc
403 2388 441 2448 ad
461 2411 510 2448 me
528 2389 700 2469 pervenerit
714 2389 844 2468 quaeriS,
862 2389 930 2469 quis
945 2389 1020 2447 mihi
1032 2388 1064 2447 id
1078 2395 1108 2446 te
1136 2385 1179 2448 3‘

18 2465 19 2556 J
106 2484 244 2562 cogitare
262 2486 443 2558 narraverit,
463 2487 545 2566 quod
565 2495 598 2545 tu
618 2487 962 2546 nullinarraveras‘tis
982 2485 1110 2566 quiscit
1143 2511 1146 2516 ·

18 2607 19 2648 3
107 2579 287 2659 plurimum,
321 2603 466 2641 rumor«
492 2583 572 2650 Quid
595 2585 692 2660 ergo?
718 2584 831 2663 inquis,
858 2591 962 2642 tantus
983 2603 1050 2641 sum
1077 2589 1112 2640 ut

18 2757 19 2760 Ἴ
106 2677 223 2755 possim
260 2679 393 2737 excitare
417 2681 596 2738 rumorem?
621 2704 634 2733 n
658 2679 726 2738 Non
751 2679 897 2760 estquod
921 2688 950 2738 te
970 2678 1112 2738 adhunc

106 2771 215 2833 locum
226 2775 392 2854 respiciens
407 2777 543 2834 metiaris
562 2797 568 2836 z
584 2776 622 2835 ad
637 2777 730 2834 istum
746 2779 875 2855 respice,
892 2778 923 2835 in
936 2797 997 2856 quo
1010 2796 1112 2834 mora·
1168 2821 1169 2825 ,

105 2869 158 2928 ris.
176 2871 223 2929 Tu
239 2861 321 2930 nunc
336 2872 368 2931 in
383 2873 552 2952 provincia,
571 2873 832 2932 licetcontemnas
843 2875 906 2954 ipse
922 2881 962 2944 te,
980 2889 1114 2950 magnus

107 2987 149 3024 ee.
168 2967 249 3034 Quid
265 2989 348 3046 agas,
366 2969 628 3049 quemadmodum
645 2991 746 3040 ceneS,
764 2971 1023 3049 quemadmodum
1039 2969 1115 3026 dor·

18 3055 19 3112 ξ
80 3069 82 3074 ’
106 3064 196 3136 miae,
213 3065 380 3146 quaeritur,
398 3066 517 3126 scitur:
540 3075 575 3124 eo
600 3066 655 3124 tibi
676 3066 852 3144 diligentius
869 3067 1035 3125 vivendum
1051 3073 1110 3124 esti

105 3164 195 3225 Tunc
209 3173 312 3225 autem
332 3167 451 3226 felicem
473 3188 538 3226 esse
558 3176 587 3226 te
603 3167 720 3247 judica,
737 3190 806 3227 cum
829 3170 943 3247 poteris
959 3169 1063 3226 vivere
1077 3167 1111 3224 in

105 3262 244 3340 publico,
261 3283 332 3322 cum
347 3270 377 3322 te
392 3265 524 3343 parietes
539 3265 585 3323 tui
602 3272 715 3342 tegent,
733 3287 794 3324 non
814 3265 1014 3337 abscondent,
1032 3283 1112 3345 quos

18 3349 19 3378 ³
105 3358 290 3438 plerumque
319 3360 525 3420 circumdatos
550 3362 638 3420 nobis
665 3361 839 3440 judicamus
867 3384 930 3422 non
956 3370 989 3420 ut
1012 3362 1114 3421 tutius

106 3455 262 3528 vivamus,
279 3456 333 3514 sed
350 3464 382 3514 ut
403 3478 564 3536 peccemus
585 3460 747 3518 occultius.
771 3459 847 3517 Rem
868 3459 979 3527 dicam,
997 3480 1111 3538 exque

18 3587 19 3592 κ
105 3572 209 3612 mores
237 3553 379 3612 aestimes
408 3561 554 3618 nostros:
580 3555 632 3612 vix
662 3576 844 3635 quemquam
875 3556 1025 3628 invenies,
1056 3557 1110 3636 q'ui

104 3650 204 3729 possit
229 3656 337 3729 aperto
361 3651 441 3708 ostio
463 3651 579 3712 vivere.
604 3651 758 3710 Janitores
780 3653 967 3712 conscientia
991 3660 1109 3723 nostra,

18 3761 19 3776 ¹
105 3767 169 3804 non
194 3746 337 3825 superbia
363 3747 532 3826 opposuit:
559 3748 602 3807 sic
626 3748 770 3821 vivimuS,
797 3755 832 3807 ut
859 3749 1046 3828 deprehendi
1070 3751 1112 3808 sit

530 3933 689 3984 —327u
