2678 4250
247 163 329 222 239.
352 168 422 222 sur
440 168 479 223 la
497 169 592 224 mort
611 169 696 225 d’un
713 170 922 238 persequer.

328 287 383 369 (De
399 287 533 370 psittaco
555 297 675 350 mortuo
695 290 843 369 carmen.)

147 449 306 528 Psittacus,
328 454 400 514 Eois
408 455 470 514 ales
486 457 682 516 transmissus
690 456 828 530 ablndis,

183 549 303 610 Occidit
324 569 332 611 ε
355 552 516 632 exsequias
537 552 579 611 ite
600 552 788 634 frequenter,
812 574 894 613 aves

144 645 187 705 Tu
208 654 331 728 poteras
351 646 465 708 virides
486 649 596 729 pennis
617 649 761 709 hebetare
782 649 970 728 smaragdos,

180 743 288 804 Tincta
310 765 417 822 gerens
438 745 532 805 rubro
554 745 670 806 Punica
692 754 790 806 rostra
811 767 916 808 croco,

143 837 211 899 Non
233 839 293 900 fuit
314 841 345 899 in
367 843 456 900 terris
478 825 590 901 vocum
612 843 806 902 simulantior
826 844 888 904 ales
912 862 919 904 :

181 937 344 997 Reddebas
365 938 459 998 blaeso
481 947 543 998 tam
565 939 643 998 bene
664 940 757 1000 verba
779 961 867 1001 sono,

141 1031 220 1100 Quid
241 1041 344 1093 tamen
365 1036 422 1094 iste
444 1039 561 1097 canor?
582 1036 656 1117 quid
678 1037 738 1096 rari
760 1037 858 1096 lorma
880 1037 1021 1098 coloris?

179 1130 288 1190 Infelix
310 1131 413 1191 avium
434 1132 540 1210 gloria,
564 1154 674 1212 nempe
693 1134 791 1214 jaces

141 1225 224 1286 Vivit
243 1229 321 1287 edax
341 1229 457 1302 vultur,
481 1230 649 1310 cornixque
672 1230 770 1290 invisa
792 1230 952 1304 Minervae,

25 1398 26 1405 ἵ
180 1323 233 1384 llla
255 1324 379 1405 quidem
401 1325 508 1385 saeclis
522 1327 579 1385 ¹vix
601 1327 750 1386 moritura
773 1348 894 1386 novem.
999 1375 1000 1378 ,

24 1421 27 1503 ¹,
141 1419 260 1480 Occidit
279 1421 331 1481 illa
352 1423 464 1503 loquax
486 1424 627 1483 humanae
650 1423 735 1482 vocis
757 1423 869 1502 image,

26 1588 27 1595 ἵ
180 1517 342 1591 Psittacus,
366 1531 502 1579 extremo
523 1542 636 1579 munus
657 1520 695 1578 ab
717 1520 791 1579 orbe
814 1521 930 1582 datum.

24 1610 26 1645 ³
140 1613 262 1695 Optima
283 1617 381 1696 prima
403 1617 465 1676 lere
487 1617 628 1675 manibus
649 1617 813 1696 rapiuntur
834 1618 933 1676 avaris
951 1637 958 1692 ;

128 1757 133 1765 .
182 1712 350 1793 Implentur
371 1713 506 1772 numeris
527 1714 679 1773 deteriora
701 1714 775 1775 suia.

141 1805 223 1868 Colle
244 1808 301 1868 sub
323 1809 427 1890 Elysio
446 1811 535 1888 nigra
557 1831 666 1870 nemus
688 1811 756 1869 ilice
780 1810 938 1886 frondens,

181 1905 307 1987 Udaque
327 1914 478 1987 perpetuo
499 1908 635 1986 gramine
657 1914 738 1966 terra
760 1907 851 1968 viret.

142 2001 252 2084 Siqua
273 2003 349 2062 fides
370 2003 483 2077 dubiis,
507 2005 668 2064 volucrum
691 2005 775 2063 locus
798 2004 849 2063 ille
871 2003 991 2085 piarum

180 2099 310 2175 Dicitur,
333 2099 473 2160 obscenae
494 2122 556 2182 quo
578 2101 782 2181 prohibentur
797 2121 878 2161 aves

25 2214 28 2257 ’.
143 2195 300 2271 Psittacus,
324 2197 378 2256 has
398 2197 479 2257 inter
500 2198 646 2258 nemorali
669 2198 740 2257 sede
761 2204 914 2277 receptus

180 2292 340 2354 Convertit
359 2295 500 2354 volucres
521 2295 552 2352 in
575 2316 630 2354 sua
650 2295 744 2354 verba
765 2295 842 2376 pias.

319 2570 401 2629 240.
421 2572 476 2627 La
493 2570 608 2639 peche
628 2570 653 2627 a
670 2571 709 2626 la
727 2569 835 2640 ligne.

382 2690 441 2775 (De
462 2690 608 2752 hamatile¹
622 2691 772 2774 piscatu.)

25 2820 31 2945 l
129 2859 177 2919 llle
197 2860 303 2942 procul
325 2859 458 2940 scopulis
481 2859 634 2939 subjectas
656 2880 773 2939 pronus
794 2860 825 2918 in
848 2860 956 2934 undae,
1091 2875 1146 2938 nh·

127 2953 250 3018 Inclinat
269 2957 361 3016 lentae
383 2977 519 3016 convexa
541 2956 700 3016 cacumina
721 2957 827 3035 virgae,

27 3040 33 3127 l,
127 3049 244 3114 ludutos
266 3054 343 3114 escis
362 3054 480 3133 jaciens
502 3053 643 3112 letalibus
665 3053 783 3113 hamos.

124 3147 200 3214 Quos
219 3151 326 3230 ignara
348 3150 410 3209 doli
432 3158 596 3231 postquam
618 3170 695 3228 vaga
716 3151 808 3210 turba
830 3155 991 3209 natantum

124 3242 259 3307 Rictibus
281 3247 405 3320 invasit,
428 3247 603 3327 patulaeque
625 3267 681 3326 per
701 3247 808 3306 intima
829 3246 933 3305 lauces

23 3341 24 3349 ’
123 3339 191 3404 Sera
212 3344 359 3404 occultati
381 3350 544 3403 senserunt
563 3343 692 3403 vulnera
714 3344 788 3402 ferri
813 3362 820 3404 t

122 3434 200 3499 Dum
220 3440 386 3521 trepidant,
411 3441 494 3500 subit
516 3440 665 3499 indicium
687 3441 850 3520 crispoque
872 3440 998 3498 tremori

121 3529 274 3596 Vibrantis
295 3543 368 3598 setae
391 3545 502 3596 nutans
524 3538 679 3596 consentit
700 3537 829 3596 arund0.

123 3626 184 3689 Nec
206 3654 288 3694 mora
312 3653 319 3696 ε
348 3641 379 3693 et
404 3653 562 3694 excussam
589 3633 732 3692 stridenti
753 3634 881 3693 verbere
903 3633 1036 3713 praedam

27 3748 33 3799 ¹,
123 3722 250 3789 Dextera
271 3731 303 3790 in
324 3731 483 3810 obliquum
506 3737 608 3810 raptat
629 3749 721 3810 puer3
747 3730 862 3810 excipit
883 3731 977 3789 ictum

496 3908 652 3958 -167-
