<?xml version="1.0" encoding="UTF-8"?>
<!DOCTYPE html PUBLIC "-//W3C//DTD XHTML 1.0 Transitional//EN"
    "http://www.w3.org/TR/xhtml1/DTD/xhtml1-transitional.dtd">
<html xmlns="http://www.w3.org/1999/xhtml" xml:lang="en" lang="en">
 <head>
  <title>
</title>
<meta http-equiv="Content-Type" content="text/html;charset=utf-8" />
  <meta name='ocr-system' content='tesseract 3.04.00' />
  <meta name='ocr-capabilities' content='ocr_page ocr_carea ocr_par ocr_line ocrx_word'/>
</head>
<body>
  <div class='ocr_page' id='page_1' title='image "./depublicaprivat00arnagoog_0129.png"; bbox 0 0 2656 4258; ppageno 0'>
   <div class='ocr_carea' id='block_1_1' title="bbox 503 157 938 213">
    <p class='ocr_par' dir='ltr' id='par_1_1' title="bbox 503 157 938 213">
     <span class='ocr_line' id='line_1_1' title="bbox 503 157 938 213; baseline 0 -1"><span class='ocrx_word' id='word_1_1' title='bbox 503 174 539 212; x_wconf 75' lang='lat' dir='ltr'>m</span> <span class='ocrx_word' id='word_1_2' title='bbox 559 173 606 212; x_wconf 78' lang='lat' dir='ltr'>ma</span> <span class='ocrx_word' id='word_1_3' title='bbox 629 175 663 211; x_wconf 78' lang='lat' dir='ltr'>aa</span> <span class='ocrx_word' id='word_1_4' title='bbox 685 157 800 213; x_wconf 70' lang='lat' dir='ltr'>sociiis</span> <span class='ocrx_word' id='word_1_5' title='bbox 820 177 840 212; x_wconf 72' lang='lat' dir='ltr'>a</span> <span class='ocrx_word' id='word_1_6' title='bbox 861 175 938 212; x_wconf 79' lang='lat' dir='ltr'>noua</span> 
     </span>
    </p>
   </div>
   <div class='ocr_carea' id='block_1_2' title="bbox 130 268 1243 1412">
    <p class='ocr_par' dir='ltr' id='par_1_2' title="bbox 130 268 1243 1412">
     <span class='ocr_line' id='line_1_2' title="bbox 220 268 1221 366; baseline 0 -20"><span class='ocrx_word' id='word_1_7' title='bbox 220 285 402 354; x_wconf 85' lang='lat' dir='ltr'>homunculi</span> <span class='ocrx_word' id='word_1_8' title='bbox 414 285 536 346; x_wconf 75' lang='lat' dir='ltr'>collecti</span> <span class='ocrx_word' id='word_1_9' title='bbox 551 268 634 361; x_wconf 74' lang='lat' dir='ltr'>sunl,</span> <span class='ocrx_word' id='word_1_10' title='bbox 648 287 672 344; x_wconf 90' lang='lat' dir='ltr'>si</span> <span class='ocrx_word' id='word_1_11' title='bbox 685 286 801 344; x_wconf 90' lang='lat' dir='ltr'>electus</span> <span class='ocrx_word' id='word_1_12' title='bbox 813 286 909 357; x_wconf 74' lang='lat' dir='ltr'>locuS,</span> <span class='ocrx_word' id='word_1_13' title='bbox 923 286 947 344; x_wconf 88' lang='lat' dir='ltr'>si</span> <span class='ocrx_word' id='word_1_14' title='bbox 960 293 1082 366; x_wconf 89' lang='lat' dir='ltr'>tempus</span> <span class='ocrx_word' id='word_1_15' title='bbox 1095 285 1221 362; x_wconf 88' lang='lat' dir='ltr'>lectum,</span> 
     </span>
     <span class='ocr_line' id='line_1_3' title="bbox 221 373 1221 463; baseline 0.002 -23"><span class='ocrx_word' id='word_1_16' title='bbox 221 379 246 441; x_wconf 90' lang='lat' dir='ltr'>si</span> <span class='ocrx_word' id='word_1_17' title='bbox 262 373 428 463; x_wconf 82' lang='lat' dir='ltr'>apparatus</span> <span class='ocrx_word' id='word_1_18' title='bbox 441 403 503 442; x_wconf 91' lang='lat' dir='ltr'>uon</span> <span class='ocrx_word' id='word_1_19' title='bbox 518 383 687 462; x_wconf 82' lang='lat' dir='ltr'>neglectus.</span> <span class='ocrx_word' id='word_1_20' title='bbox 705 383 769 441; x_wconf 88' lang='lat' dir='ltr'>Nec</span> <span class='ocrx_word' id='word_1_21' title='bbox 788 381 931 463; x_wconf 84' lang='lat' dir='ltr'>loquaces</span> <span class='ocrx_word' id='word_1_22' title='bbox 947 391 1049 441; x_wconf 80' lang='lat' dir='ltr'>aute&#39;m</span> <span class='ocrx_word' id='word_1_23' title='bbox 1062 383 1221 456; x_wconf 89' lang='lat' dir='ltr'>convivas,</span> 
     </span>
     <span class='ocr_line' id='line_1_4' title="bbox 221 479 1223 560; baseline 0.002 -21.88"><span class='ocrx_word' id='word_1_24' title='bbox 221 480 337 560; x_wconf 85' lang='lat' dir='ltr'>inquit,</span> <span class='ocrx_word' id='word_1_25' title='bbox 351 491 407 538; x_wconf 87' lang='lat' dir='ltr'>nec</span> <span class='ocrx_word' id='word_1_26' title='bbox 425 488 528 550; x_wconf 80' lang='lat' dir='ltr'>mutos</span> <span class='ocrx_word' id='word_1_27' title='bbox 545 481 644 558; x_wconf 85' lang='lat' dir='ltr'>legere</span> <span class='ocrx_word' id='word_1_28' title='bbox 664 487 810 560; x_wconf 88' lang='lat' dir='ltr'>oportet:</span> <span class='ocrx_word' id='word_1_29' title='bbox 827 480 898 558; x_wconf 92' lang='lat' dir='ltr'>quia</span> <span class='ocrx_word' id='word_1_30' title='bbox 916 479 1093 559; x_wconf 72' lang='lat' dir='ltr'>eloquentia</span> <span class='ocrx_word' id='word_1_31' title='bbox 1107 480 1139 538; x_wconf 89' lang='lat' dir='ltr'>in</span> <span class='ocrx_word' id='word_1_32' title='bbox 1154 480 1223 540; x_wconf 89' lang='lat' dir='ltr'>foro</span> 
     </span>
     <span class='ocr_line' id='line_1_5' title="bbox 221 576 1222 656; baseline -0.001 -20"><span class='ocrx_word' id='word_1_33' title='bbox 221 583 253 636; x_wconf 90' lang='lat' dir='ltr'>et</span> <span class='ocrx_word' id='word_1_34' title='bbox 272 576 354 656; x_wconf 89' lang='lat' dir='ltr'>apud</span> <span class='ocrx_word' id='word_1_35' title='bbox 368 577 527 648; x_wconf 79' lang='lat' dir='ltr'>subsellia,</span> <span class='ocrx_word' id='word_1_36' title='bbox 549 577 704 636; x_wconf 90' lang='lat' dir='ltr'>silentium</span> <span class='ocrx_word' id='word_1_37' title='bbox 727 598 799 636; x_wconf 91' lang='lat' dir='ltr'>vero</span> <span class='ocrx_word' id='word_1_38' title='bbox 817 597 878 634; x_wconf 92' lang='lat' dir='ltr'>non</span> <span class='ocrx_word' id='word_1_39' title='bbox 896 576 927 634; x_wconf 91' lang='lat' dir='ltr'>in</span> <span class='ocrx_word' id='word_1_40' title='bbox 944 577 1100 650; x_wconf 81' lang='lat' dir='ltr'>convivia,</span> <span class='ocrx_word' id='word_1_41' title='bbox 1119 576 1172 636; x_wconf 90' lang='lat' dir='ltr'>sed</span> <span class='ocrx_word' id='word_1_42' title='bbox 1190 577 1222 635; x_wconf 85' lang='lat' dir='ltr'>ia</span> 
     </span>
     <span class='ocr_line' id='line_1_6' title="bbox 221 663 1224 752; baseline -0.002 -20"><span class='ocrx_word' id='word_1_43' title='bbox 221 673 364 732; x_wconf 92' lang='lat' dir='ltr'>cubiculo</span> <span class='ocrx_word' id='word_1_44' title='bbox 380 694 445 732; x_wconf 91' lang='lat' dir='ltr'>esse</span> <span class='ocrx_word' id='word_1_45' title='bbox 460 674 562 734; x_wconf 86' lang='lat' dir='ltr'>debet.</span> <span class='ocrx_word' id='word_1_46' title='bbox 579 699 593 730; x_wconf 87' lang='lat'>»</span> <span class='ocrx_word' id='word_1_47' title='bbox 611 674 774 733; x_wconf 85' lang='lat' dir='ltr'>Sermones</span> <span class='ocrx_word' id='word_1_48' title='bbox 789 674 884 750; x_wconf 90' lang='lat' dir='ltr'>igitur</span> <span class='ocrx_word' id='word_1_49' title='bbox 902 663 934 731; x_wconf 91' lang='lat' dir='ltr'>id</span> <span class='ocrx_word' id='word_1_50' title='bbox 949 674 1097 752; x_wconf 86' lang='lat' dir='ltr'>temporis</span> <span class='ocrx_word' id='word_1_51' title='bbox 1109 673 1224 732; x_wconf 88' lang='lat' dir='ltr'>haben-</span> 
     </span>
     <span class='ocr_line' id='line_1_7' title="bbox 221 769 1224 853; baseline -0.002 -24"><span class='ocrx_word' id='word_1_52' title='bbox 221 770 277 838; x_wconf 89' lang='lat' dir='ltr'>dos</span> <span class='ocrx_word' id='word_1_53' title='bbox 294 778 398 829; x_wconf 88' lang='lat' dir='ltr'>censet</span> <span class='ocrx_word' id='word_1_54' title='bbox 411 791 472 840; x_wconf 87' lang='lat' dir='ltr'>non</span> <span class='ocrx_word' id='word_1_55' title='bbox 488 792 580 853; x_wconf 90' lang='lat' dir='ltr'>super</span> <span class='ocrx_word' id='word_1_56' title='bbox 590 770 681 830; x_wconf 91' lang='lat' dir='ltr'>rebus</span> <span class='ocrx_word' id='word_1_57' title='bbox 695 771 793 828; x_wconf 83' lang='lat' dir='ltr'>anxiis</span> <span class='ocrx_word' id='word_1_58' title='bbox 806 780 859 828; x_wconf 93' lang='lat' dir='ltr'>aut</span> <span class='ocrx_word' id='word_1_59' title='bbox 871 770 1029 842; x_wconf 78' lang='lat' dir='ltr'>tortuosis,</span> <span class='ocrx_word' id='word_1_60' title='bbox 1044 769 1097 828; x_wconf 90' lang='lat' dir='ltr'>sed</span> <span class='ocrx_word' id='word_1_61' title='bbox 1109 769 1224 849; x_wconf 88' lang='lat' dir='ltr'>jucun-</span> 
     </span>
     <span class='ocr_line' id='line_1_8' title="bbox 221 866 1225 948; baseline -0.001 -22"><span class='ocrx_word' id='word_1_62' title='bbox 221 866 278 934; x_wconf 86' lang='lat' dir='ltr'>dos</span> <span class='ocrx_word' id='word_1_63' title='bbox 292 876 385 948; x_wconf 88' lang='lat' dir='ltr'>atque</span> <span class='ocrx_word' id='word_1_64' title='bbox 400 867 588 940; x_wconf 85' lang='lat' dir='ltr'>invitabiles,</span> <span class='ocrx_word' id='word_1_65' title='bbox 605 874 636 926; x_wconf 91' lang='lat' dir='ltr'>et</span> <span class='ocrx_word' id='word_1_66' title='bbox 654 888 722 927; x_wconf 90' lang='lat' dir='ltr'>cum</span> <span class='ocrx_word' id='word_1_67' title='bbox 744 867 876 946; x_wconf 91' lang='lat' dir='ltr'>quadam</span> <span class='ocrx_word' id='word_1_68' title='bbox 894 866 1037 925; x_wconf 83' lang='lat' dir='ltr'>illecebra</span> <span class='ocrx_word' id='word_1_69' title='bbox 1057 887 1092 925; x_wconf 89' lang='lat' dir='ltr'>ac</span> <span class='ocrx_word' id='word_1_70' title='bbox 1114 866 1225 946; x_wconf 74' lang='lat' dir='ltr'>volup</span> 
     </span>
     <span class='ocr_line' id='line_1_9' title="bbox 222 963 1243 1045; baseline 0 -23"><span class='ocrx_word' id='word_1_71' title='bbox 222 971 285 1038; x_wconf 79' lang='lat' dir='ltr'>tate</span> <span class='ocrx_word' id='word_1_72' title='bbox 300 965 406 1040; x_wconf 87' lang='lat' dir='ltr'>utiles;</span> <span class='ocrx_word' id='word_1_73' title='bbox 429 985 465 1023; x_wconf 89' lang='lat' dir='ltr'>ex</span> <span class='ocrx_word' id='word_1_74' title='bbox 484 965 597 1045; x_wconf 90' lang='lat' dir='ltr'>quibus</span> <span class='ocrx_word' id='word_1_75' title='bbox 613 965 772 1042; x_wconf 85' lang='lat' dir='ltr'>ingenium</span> <span class='ocrx_word' id='word_1_76' title='bbox 792 971 931 1023; x_wconf 88' lang='lat' dir='ltr'>nostrum</span> <span class='ocrx_word' id='word_1_77' title='bbox 949 963 1111 1022; x_wconf 91' lang='lat' dir='ltr'>venustius</span> <span class='ocrx_word' id='word_1_78' title='bbox 1125 963 1179 1021; x_wconf 90' lang='lat' dir='ltr'>fiat</span> <span class='ocrx_word' id='word_1_79' title='bbox 1193 969 1225 1022; x_wconf 89' lang='lat' dir='ltr'>et</span> <span class='ocrx_word' id='word_1_80' title='bbox 1239 975 1243 982; x_wconf 92' lang='lat'>&#39;</span> 
     </span>
     <span class='ocr_line' id='line_1_10' title="bbox 222 1060 1225 1141; baseline 0 -22"><span class='ocrx_word' id='word_1_81' title='bbox 222 1062 384 1121; x_wconf 84' lang='lat' dir='ltr'>amoenius.</span> <span class='ocrx_word' id='word_1_82' title='bbox 404 1085 418 1116; x_wconf 73' lang='grc' dir='ltr'>ι(</span> <span class='ocrx_word' id='word_1_83' title='bbox 438 1060 527 1128; x_wconf 89' lang='lat' dir='ltr'>Quod</span> <span class='ocrx_word' id='word_1_84' title='bbox 543 1062 694 1141; x_wconf 83' lang='lat' dir='ltr'>prosect0,</span> <span class='ocrx_word' id='word_1_85' title='bbox 711 1061 822 1140; x_wconf 90' lang='lat' dir='ltr'>inquit,</span> <span class='ocrx_word' id='word_1_86' title='bbox 841 1061 973 1134; x_wconf 88' lang='lat' dir='ltr'>eveniet,</span> <span class='ocrx_word' id='word_1_87' title='bbox 991 1061 1016 1119; x_wconf 91' lang='lat' dir='ltr'>si</span> <span class='ocrx_word' id='word_1_88' title='bbox 1031 1060 1070 1118; x_wconf 92' lang='lat' dir='ltr'>de</span> <span class='ocrx_word' id='word_1_89' title='bbox 1080 1060 1111 1118; x_wconf 93' lang='lat' dir='ltr'>id</span> <span class='ocrx_word' id='word_1_90' title='bbox 1127 1080 1225 1138; x_wconf 90' lang='lat' dir='ltr'>genus</span> 
     </span>
     <span class='ocr_line' id='line_1_11' title="bbox 222 1155 1225 1239; baseline -0.001 -24"><span class='ocrx_word' id='word_1_91' title='bbox 222 1157 313 1216; x_wconf 89' lang='lat' dir='ltr'>rebus</span> <span class='ocrx_word' id='word_1_92' title='bbox 332 1157 369 1216; x_wconf 91' lang='lat' dir='ltr'>ad</span> <span class='ocrx_word' id='word_1_93' title='bbox 389 1178 585 1217; x_wconf 90' lang='lat' dir='ltr'>communem</span> <span class='ocrx_word' id='word_1_94' title='bbox 601 1159 673 1217; x_wconf 88' lang='lat' dir='ltr'>vitae</span> <span class='ocrx_word' id='word_1_95' title='bbox 693 1179 781 1216; x_wconf 90' lang='lat' dir='ltr'>usum</span> <span class='ocrx_word' id='word_1_96' title='bbox 798 1156 1027 1239; x_wconf 88' lang='lat' dir='ltr'>pertinentibus</span> <span class='ocrx_word' id='word_1_97' title='bbox 1044 1155 1225 1215; x_wconf 86' lang='lat' dir='ltr'>confabule-</span> 
     </span>
     <span class='ocr_line' id='line_1_12' title="bbox 130 1252 1226 1334; baseline -0.003 -19"><span class='ocrx_word' id='word_1_98' title='bbox 130 1271 132 1274; x_wconf 84' lang='grc'><strong><em>·</em></strong></span> <span class='ocrx_word' id='word_1_99' title='bbox 221 1273 301 1325; x_wconf 89' lang='lat' dir='ltr'>mur,</span> <span class='ocrx_word' id='word_1_100' title='bbox 318 1253 481 1333; x_wconf 89' lang='lat' dir='ltr'>dequibus</span> <span class='ocrx_word' id='word_1_101' title='bbox 495 1254 712 1334; x_wconf 85' lang='lat' dir='ltr'>inloroatque</span> <span class='ocrx_word' id='word_1_102' title='bbox 728 1255 758 1313; x_wconf 91' lang='lat' dir='ltr'>in</span> <span class='ocrx_word' id='word_1_103' title='bbox 774 1253 907 1333; x_wconf 84' lang='lat' dir='ltr'>negotiis</span> <span class='ocrx_word' id='word_1_104' title='bbox 922 1253 1049 1332; x_wconf 86' lang='lat' dir='ltr'>agendis</span> <span class='ocrx_word' id='word_1_105' title='bbox 1061 1252 1146 1332; x_wconf 91' lang='lat' dir='ltr'>loqui</span> <span class='ocrx_word' id='word_1_106' title='bbox 1161 1273 1226 1312; x_wconf 91' lang='lat' dir='ltr'>non</span> 
     </span>
     <span class='ocr_line' id='line_1_13' title="bbox 222 1351 430 1412; baseline -0.01 -4"><span class='ocrx_word' id='word_1_107' title='bbox 222 1356 269 1409; x_wconf 89' lang='lat' dir='ltr'>est</span> <span class='ocrx_word' id='word_1_108' title='bbox 286 1351 395 1412; x_wconf 88' lang='lat' dir='ltr'>otium.</span> <span class='ocrx_word' id='word_1_109' title='bbox 415 1371 430 1406; x_wconf 82' lang='lat' dir='ltr'>u</span> 
     </span>
    </p>
   </div>
   <div class='ocr_carea' id='block_1_3' title="bbox 446 1509 1004 1741">
    <p class='ocr_par' dir='ltr' id='par_1_3' title="bbox 446 1509 1004 1741">
     <span class='ocr_line' id='line_1_14' title="bbox 450 1509 998 1612; baseline 0 -2"><span class='ocrx_word' id='word_1_110' title='bbox 450 1509 532 1612; x_wconf 72' lang='grc'><strong>117.</strong></span> <span class='ocrx_word' id='word_1_111' title='bbox 552 1554 720 1612; x_wconf 82' lang='lat' dir='ltr'>Portrait</span> <span class='ocrx_word' id='word_1_112' title='bbox 740 1555 788 1610; x_wconf 84' lang='lat' dir='ltr'>du</span> <span class='ocrx_word' id='word_1_113' title='bbox 806 1553 998 1611; x_wconf 85' lang='lat' dir='ltr'>veniteux.</span> 
     </span>
     <span class='ocr_line' id='line_1_15' title="bbox 446 1656 1004 1741; baseline -0.005 -21"><span class='ocrx_word' id='word_1_114' title='bbox 446 1657 622 1739; x_wconf 78' lang='lat' dir='ltr'>(Gloriosus</span> <span class='ocrx_word' id='word_1_115' title='bbox 643 1657 775 1740; x_wconf 83' lang='lat' dir='ltr'>quidam</span> <span class='ocrx_word' id='word_1_116' title='bbox 795 1656 1004 1741; x_wconf 74' lang='lat' dir='ltr'>depingitur.)</span> 
     </span>
    </p>
   </div>
   <div class='ocr_carea' id='block_1_4' title="bbox 157 1802 1234 3802">
    <p class='ocr_par' dir='ltr' id='par_1_4' title="bbox 157 1802 1234 3240">
     <span class='ocr_line' id='line_1_16' title="bbox 157 1802 1229 1892; baseline -0.004 -20"><span class='ocrx_word' id='word_1_117' title='bbox 157 1810 197 1877; x_wconf 62' lang='grc' dir='ltr'>θ’</span> <span class='ocrx_word' id='word_1_118' title='bbox 260 1811 339 1872; x_wconf 91' lang='lat' dir='ltr'>Cum</span> <span class='ocrx_word' id='word_1_119' title='bbox 358 1831 487 1892; x_wconf 89' lang='lat' dir='ltr'>puerum</span> <span class='ocrx_word' id='word_1_120' title='bbox 509 1811 636 1891; x_wconf 91' lang='lat' dir='ltr'>respicit</span> <span class='ocrx_word' id='word_1_121' title='bbox 656 1810 738 1869; x_wconf 91' lang='lat' dir='ltr'>huuc</span> <span class='ocrx_word' id='word_1_122' title='bbox 756 1830 863 1882; x_wconf 88' lang='lat' dir='ltr'>uuum,</span> <span class='ocrx_word' id='word_1_123' title='bbox 881 1831 973 1890; x_wconf 93' lang='lat' dir='ltr'>quem</span> <span class='ocrx_word' id='word_1_124' title='bbox 992 1802 1049 1888; x_wconf 86' lang='lat' dir='ltr'>ego</span> <span class='ocrx_word' id='word_1_125' title='bbox 1067 1809 1150 1882; x_wconf 89' lang='lat' dir='ltr'>novi,</span> <span class='ocrx_word' id='word_1_126' title='bbox 1166 1809 1229 1868; x_wconf 91' lang='lat' dir='ltr'>alio</span> 
     </span>
     <span class='ocr_line' id='line_1_17' title="bbox 220 1906 1227 1987; baseline -0.003 -20"><span class='ocrx_word' id='word_1_127' title='bbox 220 1908 346 1967; x_wconf 90' lang='lat' dir='ltr'>nomine</span> <span class='ocrx_word' id='word_1_128' title='bbox 357 1907 503 1987; x_wconf 87' lang='lat' dir='ltr'>appellat,</span> <span class='ocrx_word' id='word_1_129' title='bbox 516 1907 627 1966; x_wconf 90' lang='lat' dir='ltr'>deinde</span> <span class='ocrx_word' id='word_1_130' title='bbox 644 1908 704 1966; x_wconf 94' lang='lat' dir='ltr'>alio</span> <span class='ocrx_word' id='word_1_131' title='bbox 719 1914 811 1986; x_wconf 88' lang='lat' dir='ltr'>atque</span> <span class='ocrx_word' id='word_1_132' title='bbox 831 1907 902 1966; x_wconf 92' lang='lat' dir='ltr'>alio.</span> <span class='ocrx_word' id='word_1_133' title='bbox 921 1931 935 1961; x_wconf 92' lang='lat'>«</span> <span class='ocrx_word' id='word_1_134' title='bbox 955 1907 1039 1966; x_wconf 90' lang='lat' dir='ltr'>Heus</span> <span class='ocrx_word' id='word_1_135' title='bbox 1052 1913 1095 1979; x_wconf 90' lang='lat' dir='ltr'>tu,</span> <span class='ocrx_word' id='word_1_136' title='bbox 1113 1906 1227 1986; x_wconf 89' lang='lat' dir='ltr'>inquit,</span> 
     </span>
     <span class='ocr_line' id='line_1_18' title="bbox 219 2003 1229 2084; baseline -0.002 -21"><span class='ocrx_word' id='word_1_137' title='bbox 219 2005 303 2076; x_wconf 91' lang='lat' dir='ltr'>veni,</span> <span class='ocrx_word' id='word_1_138' title='bbox 318 2006 444 2078; x_wconf 79' lang='lat' dir='ltr'>Sannio,</span> <span class='ocrx_word' id='word_1_139' title='bbox 462 2026 501 2063; x_wconf 90' lang='lat' dir='ltr'>ne</span> <span class='ocrx_word' id='word_1_140' title='bbox 517 2005 592 2084; x_wconf 87' lang='lat' dir='ltr'>quid</span> <span class='ocrx_word' id='word_1_141' title='bbox 603 2004 654 2062; x_wconf 84' lang='lat' dir='ltr'>isti</span> <span class='ocrx_word' id='word_1_142' title='bbox 667 2003 787 2062; x_wconf 87' lang='lat' dir='ltr'>barbari</span> <span class='ocrx_word' id='word_1_143' title='bbox 800 2003 927 2062; x_wconf 89' lang='lat' dir='ltr'>turbent</span> <span class='ocrx_word' id='word_1_144' title='bbox 942 2029 955 2059; x_wconf 75' lang='lat' dir='ltr'>a</span> <span class='ocrx_word' id='word_1_145' title='bbox 971 2022 978 2062; x_wconf 79' lang='lat' dir='ltr'>z</span> <span class='ocrx_word' id='word_1_146' title='bbox 996 2011 1031 2062; x_wconf 90' lang='lat' dir='ltr'>ut</span> <span class='ocrx_word' id='word_1_147' title='bbox 1045 2003 1154 2080; x_wconf 89' lang='lat' dir='ltr'>ignoti,</span> <span class='ocrx_word' id='word_1_148' title='bbox 1174 2003 1229 2083; x_wconf 89' lang='lat' dir='ltr'>qui</span> 
     </span>
     <span class='ocr_line' id='line_1_19' title="bbox 220 2094 1230 2181; baseline -0.003 -20"><span class='ocrx_word' id='word_1_149' title='bbox 220 2101 362 2176; x_wconf 84' lang='lat' dir='ltr'>audiunt,</span> <span class='ocrx_word' id='word_1_150' title='bbox 377 2122 472 2160; x_wconf 93' lang='lat' dir='ltr'>unum</span> <span class='ocrx_word' id='word_1_151' title='bbox 487 2108 598 2181; x_wconf 87' lang='lat' dir='ltr'>putent</span> <span class='ocrx_word' id='word_1_152' title='bbox 610 2100 704 2177; x_wconf 85' lang='lat' dir='ltr'>selegi</span> <span class='ocrx_word' id='word_1_153' title='bbox 718 2100 755 2158; x_wconf 94' lang='lat' dir='ltr'>de</span> <span class='ocrx_word' id='word_1_154' title='bbox 767 2101 882 2158; x_wconf 88' lang='lat' dir='ltr'>multis.</span> <span class='ocrx_word' id='word_1_155' title='bbox 897 2101 931 2158; x_wconf 92' lang='lat' dir='ltr'>Ei</span> <span class='ocrx_word' id='word_1_156' title='bbox 946 2099 1022 2158; x_wconf 90' lang='lat' dir='ltr'>dicit</span> <span class='ocrx_word' id='word_1_157' title='bbox 1035 2094 1182 2158; x_wconf 87' lang='lat' dir='ltr'>inaurem</span> <span class='ocrx_word' id='word_1_158' title='bbox 1195 2107 1230 2158; x_wconf 88' lang='lat' dir='ltr'>ut</span> 
     </span>
     <span class='ocr_line' id='line_1_20' title="bbox 220 2196 1229 2270; baseline -0.003 -12"><span class='ocrx_word' id='word_1_159' title='bbox 220 2206 274 2258; x_wconf 86' lang='lat' dir='ltr'>aut</span> <span class='ocrx_word' id='word_1_160' title='bbox 285 2199 368 2257; x_wconf 90' lang='lat' dir='ltr'>domi</span> <span class='ocrx_word' id='word_1_161' title='bbox 383 2197 487 2256; x_wconf 89' lang='lat' dir='ltr'>lectuli</span> <span class='ocrx_word' id='word_1_162' title='bbox 498 2206 686 2270; x_wconf 88' lang='lat' dir='ltr'>sternantur,</span> <span class='ocrx_word' id='word_1_163' title='bbox 702 2204 755 2255; x_wconf 90' lang='lat' dir='ltr'>aut</span> <span class='ocrx_word' id='word_1_164' title='bbox 769 2198 923 2255; x_wconf 89' lang='lat' dir='ltr'>asturconi</span> <span class='ocrx_word' id='word_1_165' title='bbox 935 2196 1020 2255; x_wconf 90' lang='lat' dir='ltr'>locus</span> <span class='ocrx_word' id='word_1_166' title='bbox 1031 2203 1101 2255; x_wconf 89' lang='lat' dir='ltr'>ante</span> <span class='ocrx_word' id='word_1_167' title='bbox 1113 2196 1229 2255; x_wconf 82' lang='lat' dir='ltr'>ostium</span> 
     </span>
     <span class='ocr_line' id='line_1_21' title="bbox 220 2275 1234 2372; baseline -0.004 -18"><span class='ocrx_word' id='word_1_168' title='bbox 220 2316 310 2354; x_wconf 93' lang='lat' dir='ltr'>suum</span> <span class='ocrx_word' id='word_1_169' title='bbox 318 2295 417 2364; x_wconf 91' lang='lat' dir='ltr'>detur,</span> <span class='ocrx_word' id='word_1_170' title='bbox 427 2300 480 2352; x_wconf 90' lang='lat' dir='ltr'>aut</span> <span class='ocrx_word' id='word_1_171' title='bbox 489 2294 615 2372; x_wconf 89' lang='lat' dir='ltr'>aliquod</span> <span class='ocrx_word' id='word_1_172' title='bbox 627 2294 734 2371; x_wconf 82' lang='lat' dir='ltr'>fragile</span> <span class='ocrx_word' id='word_1_173' title='bbox 742 2293 835 2352; x_wconf 90' lang='lat' dir='ltr'>lalsae</span> <span class='ocrx_word' id='word_1_174' title='bbox 846 2294 1027 2370; x_wconf 87' lang='lat' dir='ltr'>choragium</span> <span class='ocrx_word' id='word_1_175' title='bbox 1034 2275 1234 2372; x_wconf 54' lang='lat' dir='ltr'>gloriaecomss</span> 
     </span>
     <span class='ocr_line' id='line_1_22' title="bbox 220 2381 1228 2471; baseline -0.001 -22"><span class='ocrx_word' id='word_1_176' title='bbox 220 2381 356 2471; x_wconf 80' lang='lat' dir='ltr'>paretur.</span> <span class='ocrx_word' id='word_1_177' title='bbox 375 2390 494 2449; x_wconf 87' lang='lat' dir='ltr'>Deinde</span> <span class='ocrx_word' id='word_1_178' title='bbox 512 2411 583 2449; x_wconf 90' lang='lat' dir='ltr'>casu</span> <span class='ocrx_word' id='word_1_179' title='bbox 603 2391 734 2449; x_wconf 88' lang='lat' dir='ltr'>veniunt</span> <span class='ocrx_word' id='word_1_180' title='bbox 755 2383 893 2469; x_wconf 87' lang='lat' dir='ltr'>hospites</span> <span class='ocrx_word' id='word_1_181' title='bbox 907 2390 1035 2463; x_wconf 92' lang='lat' dir='ltr'>homiui,</span> <span class='ocrx_word' id='word_1_182' title='bbox 1057 2411 1134 2470; x_wconf 91' lang='lat' dir='ltr'>quos</span> <span class='ocrx_word' id='word_1_183' title='bbox 1156 2391 1228 2462; x_wconf 88' lang='lat' dir='ltr'>iste,</span> 
     </span>
     <span class='ocr_line' id='line_1_23' title="bbox 221 2480 1229 2567; baseline 0 -22"><span class='ocrx_word' id='word_1_184' title='bbox 221 2486 381 2567; x_wconf 90' lang='lat' dir='ltr'>splendide</span> <span class='ocrx_word' id='word_1_185' title='bbox 392 2487 464 2544; x_wconf 95' lang='lat' dir='ltr'>dum</span> <span class='ocrx_word' id='word_1_186' title='bbox 475 2480 699 2566; x_wconf 79' lang='lat' dir='ltr'>peregrinatur,</span> <span class='ocrx_word' id='word_1_187' title='bbox 713 2487 869 2547; x_wconf 91' lang='lat' dir='ltr'>invitarat.</span> <span class='ocrx_word' id='word_1_188' title='bbox 882 2489 925 2545; x_wconf 85' lang='lat' dir='ltr'>Ex</span> <span class='ocrx_word' id='word_1_189' title='bbox 935 2508 970 2545; x_wconf 89' lang='lat' dir='ltr'>ea</span> <span class='ocrx_word' id='word_1_190' title='bbox 983 2508 1015 2545; x_wconf 91' lang='lat' dir='ltr'>re</span> <span class='ocrx_word' id='word_1_191' title='bbox 1026 2486 1229 2545; x_wconf 88' lang='lat' dir='ltr'>homohercle</span> 
     </span>
     <span class='ocr_line' id='line_1_24' title="bbox 221 2582 1228 2644; baseline -0.001 -1"><span class='ocrx_word' id='word_1_192' title='bbox 221 2605 293 2644; x_wconf 92' lang='lat' dir='ltr'>sane</span> <span class='ocrx_word' id='word_1_193' title='bbox 312 2583 516 2643; x_wconf 88' lang='lat' dir='ltr'>conturbatur</span> <span class='ocrx_word' id='word_1_194' title='bbox 537 2602 543 2642; x_wconf 92' lang='lat'>:</span> <span class='ocrx_word' id='word_1_195' title='bbox 563 2583 616 2642; x_wconf 88' lang='lat' dir='ltr'>sed</span> <span class='ocrx_word' id='word_1_196' title='bbox 631 2592 733 2643; x_wconf 88' lang='lat' dir='ltr'>tamen</span> <span class='ocrx_word' id='word_1_197' title='bbox 749 2605 765 2642; x_wconf 94' lang='lat' dir='ltr'>a</span> <span class='ocrx_word' id='word_1_198' title='bbox 783 2584 857 2642; x_wconf 87' lang='lat' dir='ltr'>vitio</span> <span class='ocrx_word' id='word_1_199' title='bbox 878 2591 996 2643; x_wconf 90' lang='lat' dir='ltr'>naturae</span> <span class='ocrx_word' id='word_1_200' title='bbox 1017 2604 1079 2642; x_wconf 90' lang='lat' dir='ltr'>non</span> <span class='ocrx_word' id='word_1_201' title='bbox 1097 2582 1228 2642; x_wconf 88' lang='lat' dir='ltr'>recedit.</span> 
     </span>
     <span class='ocr_line' id='line_1_25' title="bbox 223 2680 1230 2759; baseline 0.001 -23"><span class='ocrx_word' id='word_1_202' title='bbox 223 2707 237 2737; x_wconf 78' lang='lat' dir='ltr'>a</span> <span class='ocrx_word' id='word_1_203' title='bbox 250 2681 344 2751; x_wconf 89' lang='lat' dir='ltr'>Bene,</span> <span class='ocrx_word' id='word_1_204' title='bbox 358 2681 469 2759; x_wconf 89' lang='lat' dir='ltr'>inquit,</span> <span class='ocrx_word' id='word_1_205' title='bbox 485 2681 597 2754; x_wconf 83' lang='lat' dir='ltr'>facitis,</span> <span class='ocrx_word' id='word_1_206' title='bbox 607 2701 677 2739; x_wconf 93' lang='lat' dir='ltr'>cum</span> <span class='ocrx_word' id='word_1_207' title='bbox 694 2681 807 2739; x_wconf 92' lang='lat' dir='ltr'>venitis</span> <span class='ocrx_word' id='word_1_208' title='bbox 820 2700 826 2740; x_wconf 91' lang='lat'>:</span> <span class='ocrx_word' id='word_1_209' title='bbox 840 2681 893 2738; x_wconf 90' lang='lat' dir='ltr'>sed</span> <span class='ocrx_word' id='word_1_210' title='bbox 904 2681 1018 2739; x_wconf 88' lang='lat' dir='ltr'>rectius</span> <span class='ocrx_word' id='word_1_211' title='bbox 1029 2680 1190 2752; x_wconf 87' lang='lat' dir='ltr'>fecissetis,</span> <span class='ocrx_word' id='word_1_212' title='bbox 1203 2680 1230 2738; x_wconf 91' lang='lat' dir='ltr'>si</span> 
     </span>
     <span class='ocr_line' id='line_1_26' title="bbox 221 2777 1232 2855; baseline -0.003 -18"><span class='ocrx_word' id='word_1_213' title='bbox 221 2778 259 2838; x_wconf 94' lang='lat' dir='ltr'>ad</span> <span class='ocrx_word' id='word_1_214' title='bbox 271 2798 319 2836; x_wconf 94' lang='lat' dir='ltr'>me</span> <span class='ocrx_word' id='word_1_215' title='bbox 330 2777 455 2835; x_wconf 91' lang='lat' dir='ltr'>domum</span> <span class='ocrx_word' id='word_1_216' title='bbox 470 2785 554 2836; x_wconf 89' lang='lat' dir='ltr'>recta</span> <span class='ocrx_word' id='word_1_217' title='bbox 568 2777 719 2836; x_wconf 86' lang='lat' dir='ltr'>abissetis.</span> <span class='ocrx_word' id='word_1_218' title='bbox 735 2801 749 2832; x_wconf 73' lang='lat' dir='ltr'>r&gt;</span> <span class='ocrx_word' id='word_1_219' title='bbox 760 2812 799 2821; x_wconf 89' lang='lat'>-</span> <span class='ocrx_word' id='word_1_220' title='bbox 811 2802 825 2832; x_wconf 77' lang='lat' dir='ltr'>a</span> <span class='ocrx_word' id='word_1_221' title='bbox 839 2777 874 2835; x_wconf 94' lang='lat' dir='ltr'>ld</span> <span class='ocrx_word' id='word_1_222' title='bbox 884 2777 1074 2846; x_wconf 82' lang='lat' dir='ltr'>fecissemus,</span> <span class='ocrx_word' id='word_1_223' title='bbox 1082 2777 1232 2855; x_wconf 90' lang='lat' dir='ltr'>inquiunt</span> 
     </span>
     <span class='ocr_line' id='line_1_27' title="bbox 221 2872 1232 2953; baseline -0.001 -20"><span class='ocrx_word' id='word_1_224' title='bbox 221 2875 277 2943; x_wconf 84' lang='lat' dir='ltr'>illi,</span> <span class='ocrx_word' id='word_1_225' title='bbox 290 2875 316 2933; x_wconf 94' lang='lat' dir='ltr'>si</span> <span class='ocrx_word' id='word_1_226' title='bbox 327 2874 452 2932; x_wconf 94' lang='lat' dir='ltr'>domum</span> <span class='ocrx_word' id='word_1_227' title='bbox 464 2874 665 2934; x_wconf 91' lang='lat' dir='ltr'>novissemus.</span> <span class='ocrx_word' id='word_1_228' title='bbox 677 2898 691 2930; x_wconf 77' lang='lat' dir='ltr'>a</span> <span class='ocrx_word' id='word_1_229' title='bbox 703 2909 742 2918; x_wconf 90' lang='lat'>-</span> <span class='ocrx_word' id='word_1_230' title='bbox 753 2897 768 2928; x_wconf 84' lang='lat' dir='ltr'>a</span> <span class='ocrx_word' id='word_1_231' title='bbox 786 2876 825 2932; x_wconf 80' lang='lat' dir='ltr'>At</span> <span class='ocrx_word' id='word_1_232' title='bbox 835 2873 918 2932; x_wconf 91' lang='lat' dir='ltr'>istud</span> <span class='ocrx_word' id='word_1_233' title='bbox 929 2873 1053 2953; x_wconf 92' lang='lat' dir='ltr'>quidem</span> <span class='ocrx_word' id='word_1_234' title='bbox 1065 2873 1154 2932; x_wconf 85' lang='lat' dir='ltr'>facile</span> <span class='ocrx_word' id='word_1_235' title='bbox 1169 2872 1232 2932; x_wconf 83' lang='lat' dir='ltr'>luit</span> 
     </span>
     <span class='ocr_line' id='line_1_28' title="bbox 227 2967 1227 3046; baseline -0.004 -16"><span class='ocrx_word' id='word_1_236' title='bbox 227 2971 386 3030; x_wconf 90' lang='lat' dir='ltr'>undelibet</span> <span class='ocrx_word' id='word_1_237' title='bbox 409 2969 557 3028; x_wconf 90' lang='lat' dir='ltr'>iuvenire.</span> <span class='ocrx_word' id='word_1_238' title='bbox 582 2968 695 3026; x_wconf 89' lang='lat' dir='ltr'>Verum</span> <span class='ocrx_word' id='word_1_239' title='bbox 718 2969 760 3026; x_wconf 91' lang='lat' dir='ltr'>ite</span> <span class='ocrx_word' id='word_1_240' title='bbox 784 2989 915 3027; x_wconf 87' lang='lat' dir='ltr'>mecum.</span> <span class='ocrx_word' id='word_1_241' title='bbox 935 2991 948 3021; x_wconf 72' lang='lat' dir='ltr'>a</span> <span class='ocrx_word' id='word_1_242' title='bbox 972 2967 1150 3046; x_wconf 87' lang='lat' dir='ltr'>Sequuntur</span> <span class='ocrx_word' id='word_1_243' title='bbox 1168 2967 1227 3026; x_wconf 91' lang='lat' dir='ltr'>illi.</span> 
     </span>
     <span class='ocr_line' id='line_1_29' title="bbox 227 3063 1233 3146; baseline -0.006 -19"><span class='ocrx_word' id='word_1_244' title='bbox 227 3069 340 3127; x_wconf 88' lang='lat' dir='ltr'>Noster</span> <span class='ocrx_word' id='word_1_245' title='bbox 360 3065 493 3124; x_wconf 87' lang='lat' dir='ltr'>venitin</span> <span class='ocrx_word' id='word_1_246' title='bbox 510 3064 590 3123; x_wconf 86' lang='lat' dir='ltr'>aedes</span> <span class='ocrx_word' id='word_1_247' title='bbox 609 3064 768 3144; x_wconf 89' lang='lat' dir='ltr'>quasdam,</span> <span class='ocrx_word' id='word_1_248' title='bbox 788 3064 819 3121; x_wconf 91' lang='lat' dir='ltr'>in</span> <span class='ocrx_word' id='word_1_249' title='bbox 838 3064 951 3143; x_wconf 92' lang='lat' dir='ltr'>quibus</span> <span class='ocrx_word' id='word_1_250' title='bbox 968 3063 1144 3137; x_wconf 85' lang='lat' dir='ltr'>sodalitium</span> <span class='ocrx_word' id='word_1_251' title='bbox 1160 3063 1233 3146; x_wconf 80' lang='lat' dir='ltr'>erat</span> 
     </span>
     <span class='ocr_line' id='line_1_30' title="bbox 226 3159 1230 3240; baseline -0.008 -16"><span class='ocrx_word' id='word_1_252' title='bbox 226 3165 334 3224; x_wconf 92' lang='lat' dir='ltr'>eodem</span> <span class='ocrx_word' id='word_1_253' title='bbox 354 3163 404 3222; x_wconf 90' lang='lat' dir='ltr'>die</span> <span class='ocrx_word' id='word_1_254' title='bbox 425 3162 584 3220; x_wconf 86' lang='lat' dir='ltr'>futurum:</span> <span class='ocrx_word' id='word_1_255' title='bbox 610 3181 672 3240; x_wconf 94' lang='lat' dir='ltr'>quo</span> <span class='ocrx_word' id='word_1_256' title='bbox 689 3161 747 3219; x_wconf 91' lang='lat' dir='ltr'>iste</span> <span class='ocrx_word' id='word_1_257' title='bbox 774 3181 829 3240; x_wconf 91' lang='lat' dir='ltr'>pro</span> <span class='ocrx_word' id='word_1_258' title='bbox 847 3160 956 3218; x_wconf 90' lang='lat' dir='ltr'>notitia</span> <span class='ocrx_word' id='word_1_259' title='bbox 976 3159 1094 3218; x_wconf 92' lang='lat' dir='ltr'>domini</span> <span class='ocrx_word' id='word_1_260' title='bbox 1113 3159 1230 3217; x_wconf 90' lang='lat' dir='ltr'>aedium</span> 
     </span>
    </p>

    <p class='ocr_par' dir='ltr' id='par_1_5' title="bbox 160 3254 1233 3802">
     <span class='ocr_line' id='line_1_31' title="bbox 160 3254 1231 3338; baseline -0.006 -18"><span class='ocrx_word' id='word_1_261' title='bbox 160 3332 163 3338; x_wconf 36' lang='lat'>‚</span> <span class='ocrx_word' id='word_1_262' title='bbox 226 3260 399 3338; x_wconf 84' lang='lat' dir='ltr'>ingreditur</span> <span class='ocrx_word' id='word_1_263' title='bbox 413 3279 483 3318; x_wconf 93' lang='lat' dir='ltr'>cum</span> <span class='ocrx_word' id='word_1_264' title='bbox 498 3257 683 3336; x_wconf 88' lang='lat' dir='ltr'>hospitibus.</span> <span class='ocrx_word' id='word_1_265' title='bbox 701 3281 716 3312; x_wconf 72' lang='grc' dir='ltr'>(ι</span> <span class='ocrx_word' id='word_1_266' title='bbox 731 3257 801 3327; x_wconf 91' lang='lat' dir='ltr'>Hic,</span> <span class='ocrx_word' id='word_1_267' title='bbox 816 3256 927 3336; x_wconf 91' lang='lat' dir='ltr'>inquit,</span> <span class='ocrx_word' id='word_1_268' title='bbox 939 3255 1056 3316; x_wconf 91' lang='lat' dir='ltr'>habito.</span> <span class='ocrx_word' id='word_1_269' title='bbox 1074 3280 1088 3311; x_wconf 89' lang='lat'>»</span> <span class='ocrx_word' id='word_1_270' title='bbox 1106 3254 1231 3334; x_wconf 87' lang='lat' dir='ltr'>Perspi-</span> 
     </span>
     <span class='ocr_line' id='line_1_32' title="bbox 227 3351 1232 3434; baseline -0.006 -18"><span class='ocrx_word' id='word_1_271' title='bbox 227 3358 271 3417; x_wconf 91' lang='lat' dir='ltr'>oit</span> <span class='ocrx_word' id='word_1_272' title='bbox 287 3363 459 3434; x_wconf 88' lang='lat' dir='ltr'>argeutum,</span> <span class='ocrx_word' id='word_1_273' title='bbox 477 3354 561 3434; x_wconf 88' lang='lat' dir='ltr'>quod</span> <span class='ocrx_word' id='word_1_274' title='bbox 577 3360 642 3412; x_wconf 90' lang='lat' dir='ltr'>erat</span> <span class='ocrx_word' id='word_1_275' title='bbox 658 3353 848 3433; x_wconf 80' lang='lat' dir='ltr'>expositum3</span> <span class='ocrx_word' id='word_1_276' title='bbox 867 3353 941 3412; x_wconf 91' lang='lat' dir='ltr'>visit</span> <span class='ocrx_word' id='word_1_277' title='bbox 958 3351 1128 3412; x_wconf 87' lang='lat' dir='ltr'>triclinium</span> <span class='ocrx_word' id='word_1_278' title='bbox 1149 3358 1232 3410; x_wconf 91' lang='lat' dir='ltr'>stra-</span> 
     </span>
     <span class='ocr_line' id='line_1_33' title="bbox 227 3447 1233 3530; baseline -0.005 -19"><span class='ocrx_word' id='word_1_279' title='bbox 227 3461 316 3512; x_wconf 86' lang='lat' dir='ltr'>tum:</span> <span class='ocrx_word' id='word_1_280' title='bbox 334 3452 454 3530; x_wconf 89' lang='lat' dir='ltr'>probat.</span> <span class='ocrx_word' id='word_1_281' title='bbox 472 3450 601 3510; x_wconf 90' lang='lat' dir='ltr'>Accedit</span> <span class='ocrx_word' id='word_1_282' title='bbox 618 3449 780 3508; x_wconf 84' lang='lat' dir='ltr'>servulus:</span> <span class='ocrx_word' id='word_1_283' title='bbox 799 3448 994 3508; x_wconf 89' lang='lat' dir='ltr'>dicithomini</span> <span class='ocrx_word' id='word_1_284' title='bbox 1011 3453 1116 3508; x_wconf 88' lang='lat' dir='ltr'>clarem</span> <span class='ocrx_word' id='word_1_285' title='bbox 1128 3447 1233 3506; x_wconf 84' lang='lat' dir='ltr'>domi-</span> 
     </span>
     <span class='ocr_line' id='line_1_34' title="bbox 228 3545 1232 3627; baseline -0.005 -18"><span class='ocrx_word' id='word_1_286' title='bbox 228 3569 302 3609; x_wconf 93' lang='lat' dir='ltr'>num</span> <span class='ocrx_word' id='word_1_287' title='bbox 323 3548 388 3627; x_wconf 86' lang='lat' dir='ltr'>jam</span> <span class='ocrx_word' id='word_1_288' title='bbox 412 3555 588 3620; x_wconf 87' lang='lat' dir='ltr'>venturum,</span> <span class='ocrx_word' id='word_1_289' title='bbox 613 3546 638 3605; x_wconf 90' lang='lat' dir='ltr'>si</span> <span class='ocrx_word' id='word_1_290' title='bbox 659 3547 735 3606; x_wconf 89' lang='lat' dir='ltr'>velit</span> <span class='ocrx_word' id='word_1_291' title='bbox 752 3545 844 3606; x_wconf 87' lang='lat' dir='ltr'>exire.</span> <span class='ocrx_word' id='word_1_292' title='bbox 859 3545 951 3619; x_wconf 83' lang='lat' dir='ltr'>Exit,</span> <span class='ocrx_word' id='word_1_293' title='bbox 976 3549 1009 3604; x_wconf 92' lang='lat' dir='ltr'>et</span> <span class='ocrx_word' id='word_1_294' title='bbox 1028 3563 1093 3603; x_wconf 90' lang='lat' dir='ltr'>sese</span> <span class='ocrx_word' id='word_1_295' title='bbox 1114 3545 1232 3623; x_wconf 87' lang='lat' dir='ltr'>raptim</span> 
     </span>
     <span class='ocr_line' id='line_1_35' title="bbox 227 3638 1233 3722; baseline -0.006 -18"><span class='ocrx_word' id='word_1_296' title='bbox 227 3647 354 3704; x_wconf 90' lang='lat' dir='ltr'>domum</span> <span class='ocrx_word' id='word_1_297' title='bbox 370 3663 456 3701; x_wconf 92' lang='lat' dir='ltr'>suam</span> <span class='ocrx_word' id='word_1_298' title='bbox 469 3642 609 3722; x_wconf 85' lang='lat' dir='ltr'>conjicit;</span> <span class='ocrx_word' id='word_1_299' title='bbox 625 3640 655 3700; x_wconf 91' lang='lat' dir='ltr'>in</span> <span class='ocrx_word' id='word_1_300' title='bbox 672 3641 880 3716; x_wconf 89' lang='lat' dir='ltr'>deversorium</span> <span class='ocrx_word' id='word_1_301' title='bbox 894 3638 1031 3721; x_wconf 88' lang='lat' dir='ltr'>hospites</span> <span class='ocrx_word' id='word_1_302' title='bbox 1048 3640 1142 3698; x_wconf 87' lang='lat' dir='ltr'>derisi</span> <span class='ocrx_word' id='word_1_303' title='bbox 1156 3659 1233 3722; x_wconf 90' lang='lat' dir='ltr'>con-</span> 
     </span>
     <span class='ocr_line' id='line_1_36' title="bbox 229 3743 425 3802; baseline -0.01 -2"><span class='ocrx_word' id='word_1_304' title='bbox 229 3743 335 3802; x_wconf 90' lang='lat' dir='ltr'>ferunt</span> <span class='ocrx_word' id='word_1_305' title='bbox 348 3759 425 3798; x_wconf 90' lang='lat' dir='ltr'>sese.</span> 
     </span>
    </p>
   </div>
   <div class='ocr_carea' id='block_1_5' title="bbox 0 0 1339 4258">
    <p class='ocr_par' dir='ltr' id='par_1_6' title="bbox 0 0 1339 4258">
     <span class='ocr_line' id='line_1_37' title="bbox 0 0 1339 4258; baseline 0 0"><span class='ocrx_word' id='word_1_306' title='bbox 0 0 1339 4258; x_wconf 95' lang='lat' dir='ltr'> </span> 
     </span>
    </p>
   </div>
  </div>
 </body>
</html>
