2656 4258
642 233 691 270 tes
712 233 822 270 FEMMES

233 341 342 411 condo,
360 363 428 421 quae
448 343 594 416 odissent,
618 344 730 403 scelera
752 344 811 423 ipsi
825 343 1035 403 imitarentur.
1060 343 1145 402 luter
1166 349 1231 401 haec

233 438 451 497 abstractama
477 440 684 519 penetralibus
707 441 869 520 jugulant;
900 441 930 498 in
958 440 1091 517 virgines
1119 439 1231 498 deinde

233 555 386 618 respersas
413 535 517 594 matris
536 537 812 616 cruore'impetum
841 537 970 599 faciunt.
986 538 1069 608 Quae,
1097 537 1229 596 alienata

233 639 335 691 mente
362 630 452 706 simul
476 632 560 692 luctu
583 641 739 714 metuque,
766 633 851 693 velut
877 642 976 713 captae
997 634 1110 705 lurore,
1136 653 1228 692 cursu

232 748 265 786 se
292 749 328 786 ex
365 729 496 788 sacrario
525 729 755 809 proripuerunt.
794 730 870 789 Tum
903 750 977 789 vero
1010 730 1092 790 haud
1117 750 1230 808 magno

231 824 343 883 aedium
359 825 470 904 spatio,
484 826 564 884 inter
580 827 697 885 medios
713 834 760 885 tot
776 833 909 886 armatos
924 827 1087 906 aliquoties
1108 827 1230 904 integro

230 941 359 1001 corpore
369 930 542 996 evaserunt,
559 924 795 1003 tenentibusque
809 944 874 982 sese
889 924 1078 1003 eripuerunt.
1092 923 1228 1000 Tandem

230 1017 410 1078 vulneribus
424 1019 583 1090 conlectae,
599 1041 668 1078 cum
684 1021 785 1079 omnia
802 1020 970 1099 replessent
987 1020 1230 1098 sanguine,.exa·

230 1115 327 1173 nimes
341 1122 533 1174 corruerunt.
551 1115 735 1196 Caedemque
756 1137 809 1196 per
822 1137 854 1174 se
876 1117 1076 1175 miserabilem
1103 1117 1229 1175 misera-

230 1209 369 1270 biliorem
382 1232 470 1271 casus
484 1212 567 1285 lecit,
586 1213 668 1290 quod
684 1213 776 1292 paulo
790 1219 861 1292 post
875 1214 1002 1271 nuntius
1018 1214 1112 1283 venit,
1129 1221 1229 1273 muta·

229 1308 269 1368 tis
283 1315 409 1388 repente
423 1308 461 1367 ad
477 1297 714 1369 misericordiam
730 1309 850 1382 animis,
874 1330 912 1368 ne
931 1309 1193 1370 interficerentun¹

231 1509 311 1568 167.
332 1512 406 1580 Que
415 1511 471 1567 les
487 1523 738 1580 gouverneurs
753 1514 797 1569 de
815 1512 1012 1581 provinces
1024 1526 1068 1569 ne
1078 1512 1229 1570 doivent

366 1611 437 1667 pes
457 1611 637 1656 emmener
655 1600 736 1662 leur
754 1600 883 1657 femme
899 1611 989 1657 aveo
1005 1614 1085 1657 eux.

223 1701 288 1780 ,(Νθ
309 1701 409 1762 ullum
430 1703 650 1784 magistratum
664 1725 724 1785 per
735 1703 916 1783 provincias
941 1726 1019 1764 aanor
1037 1703 1225 1784 comitetur.)

161 1843 217 1898 Μ’·
268 1861 398 1921 Severus
414 1861 535 1922 Caecina
555 1863 725 1922 censuitne
744 1883 833 1943 quem
850 1864 1073 1940 magistratum,
1089 1861 1139 1947 cui
1154 1883 1228 1944 pro—
1318 1875 1319 1936 ,

225 1957 328 2018 'vincia
350 1958 536 2029 obvenisset,
560 1980 637 2017 uxor
657 1959 866 2030 comitaretur,
892 1960 1022 2019 multum
1049 1967 1120 2019 ante
1142 1980 1230 2040 repe·

228 2054 295 2129 tito,
321 2054 545 2114 «Concordem
572 2055 629 2113 sibi
656 2056 818 2136 conjugem
839 2063 870 2114 et
889 2067 941 2115 sex
963 2064 1069 2135 partus
1091 2056 1225 2129 enixam,

227 2171 331 2230 seque,
355 2172 423 2231 quae
444 2151 475 2209 in
488 2151 645 2230 publicum
661 2159 819 2224 statueret,
846 2137 1123 2224 demiservavisse,
1141 2153 1229 2212 cohi-

227 2247 289 2306 bita
305 2248 384 2306 intra
402 2247 531 2320 ltaliam,
547 2268 732 2328 quamquam
756 2248 821 2330 ipse
843 2249 946 2328 plures
975 2270 1030 2328 per
1052 2249 1228 2328 provincias

226 2344 428 2424 quadraginta
444 2343 595 2422 stipendia
614 2345 809 2424 explevisset.
830 2345 921 2404 Haud
938 2345 1019 2403 enim
1035 2345 1147 2404 frustra
1163 2345 1229 2424 pla·
1317 2351 1318 2368 ¹

226 2433 320 2518 citum
337 2440 462 2512 olimne
483 2440 605 2500 seminae
619 2441 650 2498 in
666 2442 765 2500 socios
783 2449 837 2502 aut
851 2449 957 2519 gentes
972 2448 1113 2500 externas
1126 2442 1228 2500 trahe·

227 2544 333 2596 rentur
349 2555 356 2596 :
373 2533 472 2596 inesse
487 2537 650 2597 mulierum
674 2537 834 2597 comitatui
849 2558 917 2617 quae
938 2559 1042 2622 pacem
1060 2538 1144 2609 luxu,
1162 2538 1230 2598 bel-

227 2634 290 2691 lum
305 2633 469 2693 formidine
488 2623 647 2694 morentur
659 2641 690 2693 et
717 2654 877 2693 romanum
897 2655 1004 2711 agmen
1021 2636 1058 2693 ad
1082 2634 1229 2694 similitu-

226 2731 328 2794 dinem
339 2731 460 2789 barbari
470 2731 605 2790 incessus
620 2737 813 2790 convertant.
824 2731 893 2788 Non
904 2730 1091 2789 imbecillum
1103 2739 1228 2790 tantum
1316 2785 1317 2816 ἦ

226 2835 257 2900 et
274 2828 420 2908 imparem
431 2828 586 2887 laboribus
601 2848 718 2899 sexum,
733 2827 797 2902 sed,
817 2827 842 2886 si
857 2827 980 2886 licentia
991 2827 1082 2901 adsit,
1096 2847 1229 2902 saevum,
1316 2819 1317 2824 ἵ

225 2924 434 2997 ambitiosum,
465 2925 625 3003 potestatis
651 2923 794 2997 avidum;
825 2923 969 2983 incedere
990 2923 1071 2982 inter
1098 2923 1227 2998 militae,

226 3021 338 3088 habere
360 3021 397 3079 ad
419 3041 543 3079 manum
572 3020 789 3081 centuriones:
813 3019 992 3101 praesedisse
1018 3041 1116 3100 nuper
1138 3018 1230 3078 lemi-

226 3139 296 3178 nam
314 3118 458 3176 exercitio
484 3117 667 3190 cohortium,
691 3117 823 3176 decursu
848 3117 1015 3194 legionum.
1044 3117 1228 3194 Cogitarent

225 3223 391 3286 senatores,
433 3213 552 3293 quoties
593 3214 833 3292 repetundarum
870 3213 966 3293 aliqui
1010 3218 1228 3292 arguerentur,

225 3313 312 3393 plura
333 3311 478 3370 uxoribus
492 3309 639 3388 objectari
656 3328 663 3370 :
681 3310 727 3367 his
746 3310 849 3369 statim
870 3309 1076 3369 adhaerescere
1098 3308 1229 3400 deterri-

225 3429 309 3466 mum
335 3427 487 3486 quemque
515 3406 750 3485 provincialium
768 3425 774 3480 ;
792 3407 829 3464 ab
862 3406 910 3464 his
940 3405 1063 3484 negotia
1096 3405 1227 3485 suscipi,
1314 3407 1315 3462 Ξ

225 3504 369 3580 transigi3
386 3504 516 3562 duorum
532 3524 670 3581 egressus
684 3503 754 3575 coli,
776 3503 837 3561 duo
861 3523 926 3562 esse
950 3501 1102 3582 praetoria,
1124 3503 1229 3581 pervi-

225 3601 348 3660 cacibus
372 3601 466 3677 magis
502 3607 532 3658 et
567 3600 788 3679 impotentibus
826 3599 988 3658 mulierum
1012 3596 1121 3678 jussis3
1152 3618 1227 3678 quae

225 3696 333 3774 Oppiis
348 3697 502 3775 quondam
516 3697 644 3776 aliisque
665 3696 783 3774 legibus
798 3695 983 3768 constrictae,
1001 3714 1093 3767 nunc,
1111 3693 1226 3754 vinclis

224 3791 383 3863 exsolutis
400 3792 518 3860 domos,
536 3793 612 3866 fora,
629 3792 692 3872 jam
708 3799 739 3850 et
751 3793 903 3851 exercitus
918 3799 1067 3870 regerent.
1090 3815 1103 3845 a
1313 3779 1314 3790 ἶ

647 3951 804 4002 -116-
