2678 4250
379 141 511 180 voraces
532 143 567 180 ur
588 123 753 180 curuosrrts
773 155 814 166 -
834 142 870 180 ta
890 124 1044 180 cananeus
1082 167 1087 173 .

212 251 327 311 Verum
348 271 420 330 ager
440 253 498 311 iste
520 271 605 310 meus
627 259 760 332 quantus
781 251 832 324 sit,
856 270 970 312 nosce:
994 251 1087 311 etiam
1109 256 1145 309 ut
1166 270 1220 310 me
1319 241 1320 328 J

252 347 391 420 Noveris,
415 355 446 406 et
466 349 550 408 noris
572 356 602 408 te
624 369 759 429 quoque,
782 349 806 407 si
828 349 910 429 potis
931 369 974 408 es.

212 443 287 523 Agri
309 443 355 502 bis
376 451 501 504 centum
522 444 590 503 colo
609 445 742 526 jugera3
768 443 858 504 vinea
879 452 1005 505 centum

250 541 267 599 J
273 539 416 618 ugeribus
437 541 560 614 colitur,
585 549 738 621 prataque
760 540 932 606 dimidium.

212 636 295 696 Silva
317 657 409 717 supra
430 621 673 718 duplumquam
695 647 783 718 prata
805 645 835 698 et
856 637 946 697 vinea
967 644 999 697 et
1019 658 1139 698 arvum.

252 731 361 793 Cultor
380 734 446 811 agri
467 733 557 792 nobis
579 754 635 792 nec
657 739 807 814 superest,
830 755 887 793 nec
909 734 1007 794 abest.

213 828 293 889 Fons
314 837 451 913 propter,
474 838 647 911 puteusque
668 830 781 904 brevis,
804 838 872 889 tum
897 850 992 912 purus
1014 836 1045 888 et
1066 830 1165 890 amnis

168 951 170 954 ·
252 924 407 1005 Naviger3
431 925 482 986 bic
502 928 617 986 refluus
639 948 687 987 me
708 927 794 987 vehit
814 947 852 986 ac
873 927 1003 988 revehit.

211 1021 290 1082 Villa
308 1043 375 1083 mea
388 1023 471 1086 haud
479 1023 587 1104 procul
599 1023 673 1083 urbe
686 1025 743 1084 sita
759 1030 815 1098 est,
830 1043 886 1083 nec
899 1043 1024 1103 prorsus
1036 1022 1074 1082 ad
1088 1022 1223 1085 urbem:

251 1119 297 1178 Ne
320 1119 422 1201 patiar
441 1119 558 1193 turbas,
582 1127 677 1200 utque
698 1119 787 1178 bonis
808 1120 921 1199 potiar.

213 1215 252 1274 Et
272 1216 393 1297 quoties
414 1223 533 1275 mutare
555 1217 657 1276 locum
679 1215 802 1276 fastidia
828 1223 956 1295 cogunt,

250 1312 385 1373 Transeo
409 1331 416 1374 :
445 1318 476 1372 et
496 1313 621 1374 alternis
643 1333 712 1372 rure
733 1311 879 1373 velurbe
899 1312 997 1374 fruor.

290 1512 374 1572 235.
394 1517 451 1578 un
468 1515 573 1585 poete
597 1515 687 1572 aun
705 1514 778 1572 emi
797 1499 863 1572 sur
880 1514 937 1573 les
956 1517 1127 1572 charmes

608 1603 652 1659 de
672 1604 822 1673 Neples.

333 1705 442 1789 (Poeta
464 1705 565 1768 amico
585 1705 696 1766 scribit
717 1707 755 1767 de
775 1705 926 1788 Neapolis
948 1702 1095 1786 deliciis.)

148 1854 189 1918 3⁰
216 1865 278 1925 Pax
302 1885 407 1927 secura
424 1853 515 1940 locis,
539 1873 570 1925 et
591 1865 705 1925 desidis
727 1866 791 1925 otia
813 1865 898 1940 vitae,

215 1962 254 2021 Et
276 1983 444 2043 numquam
466 1963 587 2022 turbata
610 1947 707 2042 quies,
731 1962 892 2042 somnique
913 1961 1023 2042 parati.

128 2071 133 2082 '
214 2058 306 2118 Nulla
328 2059 395 2118 loro
416 2059 525 2133 rabieS,
548 2067 602 2119 aut
623 2059 746 2118 strictae
768 2059 800 2117 in
818 2059 920 2140 jurgia
942 2058 1023 2136 leges
1046 2075 1054 2118 τ

213 2155 316 2215 Mores
335 2156 407 2236 jura
429 2156 514 2228 viris,
540 2156 638 2215 solum
661 2161 692 2214 et
712 2155 778 2214 sine
800 2155 934 2216 fascibus
956 2175 1091 2234 aequum.

212 2251 292 2318 Quid
315 2252 371 2311 tibi
393 2252 571 2330 magnificas
593 2252 720 2331 specieS,
743 2251 906 2332 cultusque
925 2252 1074 2323 locorum,

213 2347 400 2428 Templaque
421 2355 452 2407 et
473 2348 640 2407 innumeris
662 2349 760 2429 spatia
781 2347 975 2408 interstincta
997 2346 1163 2421 columnis,

214 2443 253 2502 Et
274 2443 428 2521 geminam
450 2443 562 2503 molem
585 2444 660 2503 nudi
681 2445 818 2525 tectique
840 2443 963 2516 theatri,

213 2539 253 2598 Et
274 2539 457 2620 Capitolinis
479 2541 690 2621 quinquennia
712 2540 851 2621 proxima
873 2541 988 2612 lustris,

214 2634 294 2703 Quid
314 2635 435 2696 laudem
457 2637 541 2696 lusus
563 2638 798 2718 libertatemque
820 2637 993 2709 Menandri,

213 2732 310 2800 Quam
333 2754 478 2793 romanus
499 2734 598 2793 bonos
620 2743 650 2794 et
671 2733 756 2811 graia
776 2733 900 2793 licentia
921 2733 1080 2794 miscent?

214 2831 276 2889 Nec
298 2829 410 2890 desunt
431 2831 525 2890 variae
547 2831 662 2890 circum
685 2829 888 2890 oblectamina
910 2830 993 2905 vitae,

213 2927 284 2986 Sive
306 2927 506 3007 vaporiferas,
530 2926 728 2986 blandissima
749 2925 851 3000 litora,
874 2927 975 3002 Baias,

214 3025 333 3085 Entbea
355 3024 489 3084 fatidicae
511 3045 564 3083 seu
585 3024 683 3082 visere
705 3031 785 3083 tecta
807 3023 932 3104 Sibyllae

213 3121 310 3181 Dulce
333 3121 383 3193 sit,
408 3120 562 3200 lliacoque
580 3121 690 3201 jugum
712 3119 909 3179 memorabile
930 3140 1015 3179 remo
1023 3144 1031 3192 ;

214 3217 273 3277 Seu
295 3218 352 3277 tibi
375 3216 506 3277 Bacchei
528 3217 631 3277 vineta
653 3217 806 3276 madentia
828 3216 924 3276 Gauri

212 3313 441 3394 Teleboumque
464 3314 583 3387 domos,
606 3313 735 3394 trepidis
756 3313 809 3372 ubi
831 3311 930 3372 dulcia
952 3311 1055 3372 nautis

214 3411 343 3471 Lumina
365 3411 546 3489 noctivagae
567 3411 648 3470 tollit
670 3410 788 3470 Pharus
810 3408 919 3468 aemula
939 3408 1033 3482 lunae,

215 3506 355 3588 Caraque
376 3528 439 3566 non
460 3508 545 3568 molli
563 3509 637 3588 juga
659 3506 839 3566 Surrentina
860 3507 963 3586 Lyaeo,

213 3605 409 3685 AEuariaeque
431 3604 515 3664 lacus
535 3604 681 3676 medicos,
706 3603 888 3683 Stabiasque
910 3608 1044 3662 renatas.

214 3703 298 3763 Mille
320 3702 376 3763 tibi
399 3708 511 3762 nostrae
532 3700 662 3761 referam
683 3699 801 3760 telluris
823 3700 976 3759 bonores?
