2670 4252
158 169 216 224 12.
236 167 434 236 Quintilian
454 166 603 235 deplere
622 166 661 222 la
674 167 780 235 perte
799 167 843 222 de
861 177 907 222 sa
925 167 1055 221 femme

420 257 457 312 et
477 257 522 312 de
544 267 608 312 ses
628 256 789 312 enfants.

222 357 394 438 (Amissam
422 360 588 441 conJ'upem
612 367 780 440 raptorque
797 379 913 440 pueros
934 357 990 438 stet
1060 369 1063 374 '

484 455 727 537 Quintilianus.)

141 588 255 666 Erepta
281 594 365 670 prius
382 594 525 648 natorum
557 609 695 646 meorum
728 596 836 659 matre,
867 607 935 667 quae
970 585 1109 644 nondum
1126 589 1165 653 2⁶

98 685 223 764 expleto
240 685 339 744 aetatis
356 685 586 744 undevicesimo
601 705 693 756 ann0‚
712 685 790 754 duos
808 685 897 742 enixa
911 683 990 742 filios
1001 683 1109 741 deces-

100 790 196 854 serat,
218 781 364 840 siceram
389 782 531 854 afflictus,
558 790 592 840 ut
614 803 661 840 me
676 782 740 860 jam
757 781 840 840 nulla
858 780 985 839 fortuna
1003 785 1111 859 posset

97 879 219 936 efficere
244 877 375 938 felicem.
397 879 498 937 Liberi
521 887 622 938 tamen
644 886 731 937 erant
752 879 944 958 superstites,
961 877 1021 936 Sed
1037 897 1111 934 mox

96 975 176 1034 mihi
191 974 272 1034 filius
291 976 402 1047 minor,
419 975 561 1056 quintum
581 996 719 1053 egressus
735 995 860 1047 aunum,
882 975 968 1054 prior
978 973 1107 1032 alterum

84 1095 136 1131 ex
153 1072 277 1131 duobus
299 1073 377 1130 eruit
393 1073 508 1132 lumen.
527 1073 594 1130 Una
616 1081 687 1152 post
702 1073 767 1131 lraec
783 1071 965 1138 Quintiliani
978 1070 1037 1129 mei
1055 1089 1112 1150 spe

95 1190 132 1228 ac
154 1169 316 1247 voluptate
347 1169 466 1229 nitebar
493 1187 500 1229 ε
529 1178 560 1228 et
588 1177 710 1248 poterat
736 1170 874 1228 sufficere
888 1168 1109 1230 solaci0.N0n

95 1266 182 1324 enim
210 1266 363 1337 flosculos,
392 1268 472 1324 sicut
498 1266 592 1345 prior,
629 1267 684 1324 sed
712 1267 776 1344 jam
805 1267 971 1332 ¹decimum
1007 1263 1110 1322 aetatis

95 1363 258 1440 ingressus
280 1383 408 1436 annum,
428 1372 528 1422 certos
550 1371 641 1442 atque
664 1363 853 1422 deformatos
867 1363 986 1420 fructus
1006 1370 1109 1420 osten-

95 1460 200 1519 derat.
224 1459 300 1518 Juro
317 1481 371 1539 per
384 1459 463 1518 mala
486 1481 552 1518 mea
574 1460 627 1518 has
649 1481 697 1518 me
722 1461 751 1517 in
773 1459 824 1518 illo
843 1459 957 1517 vidisse
976 1459 1109 1516 virtutes

95 1556 229 1633 ingenii,
265 1576 327 1614 non
363 1556 455 1614 modo
490 1556 527 1615 ad
566 1556 778 1635 percipiendas
811 1556 1006 1636 disciplinaS,
1047 1575 1111 1634 quo

96 1653 176 1710 nihil
199 1652 406 1732 praestantius
432 1652 564 1730 cognovi
584 1653 716 1732 plurima
743 1662 898 1732 expertuS,
924 1653 978 1712 sed
1005 1651 1109 1732 probi·

96 1749 186 1820 tatis3
202 1748 337 1829 pietatis,
352 1749 564 1822 humanitatis,
580 1749 773 1808 liberalitatis
791 1768 797 1809 :
813 1757 847 1807 ut
863 1771 988 1828 prorsus
1004 1756 1109 1828 posset

96 1846 173 1904 hinc
188 1867 255 1904 esse
274 1846 353 1904 tanti
369 1846 508 1904 fulminis
526 1854 637 1918 metus,
657 1846 740 1926 quod
757 1846 954 1904 observatum
969 1846 1033 1904 fere
1048 1853 1107 1916 cst,

95 1942 231 2001 celerius
254 1942 392 2000 occidere
420 1943 596 2001 festinatam
621 1931 841 2012 maturitatem,
867 1952 897 2002 et
915 1964 980 2000 esse
1004 1943 1110 2000 nescio

97 2060 203 2118 quam,
229 2059 297 2118 quae
315 2060 384 2118 spes
400 2047 500 2098 tantas
526 2039 681 2120 decerpat,
705 2040 866 2106 invidiam,
896 2061 933 2097 ne
963 2039 1111 2096 videlicet

98 2137 289 2215 ultraquam
305 2135 422 2193 homini
437 2136 541 2195 datum
562 2145 618 2208 est,
633 2137 967 2216 nostraprovehantur.
984 2137 1110 2195 Tuosne

96 2253 169 2310 egn,
198 2254 217 2290 ο
241 2253 316 2290 meae
334 2253 405 2311 spes
425 2232 543 2304 inanes,
573 2233 711 2292 labentes
736 2234 853 2306 oculos,
880 2243 969 2291 tuum
990 2233 1111 2310 lugien-

100 2337 166 2388 tem
185 2329 329 2408 spiritum
345 2329 433 2388 ridi?
447 2330 546 2387 Tuum
558 2351 669 2408 corpus
686 2330 842 2407 frigidum,
860 2351 1014 2407 exsangue
1026 2350 1112 2388 com-

103 2427 226 2504 plexus,
260 2425 394 2484 animam
423 2427 559 2505 recipcre
581 2448 749 2506 auramque
769 2448 964 2486 communem
988 2427 1112 2486 haurire

101 2523 237 2602 amplius
250 2523 360 2603 potui?

295 2726 352 2784 13.
373 2729 427 2783 La
441 2724 673 2796 resignation
688 2691 924 2784 chre'tiennei

377 2831 433 2910 (De
458 2829 651 2891 Christiana
657 2830 836 2913 patientia.)

142 2963 274 3020 Necesse
290 2969 335 3020 est
353 2972 387 3021 ut
406 2964 458 3041 qui
478 2985 509 3022 se
524 2963 648 3022 credere
664 2963 740 3022 dicit
757 2965 787 3021 in
810 2965 946 3034 Christo
964 2965 994 3022 in
1011 2965 1152 3068 omni-3

104 3058 162 3116 bus
182 3058 297 3117 Christi
318 3059 444 3138 judiciis
466 3061 608 3136 gaudeat.
636 3063 735 3118 Sanus
763 3082 840 3130 sum,
868 3061 982 3138 gratias
1009 3061 1109 3119 refero

103 3155 256 3214 Creatori.
279 3156 435 3232 langueo
460 3165 491 3214 et
511 3157 541 3214 in
560 3157 618 3215 hoc
643 3157 735 3215 laudo
755 3159 880 3216 Domini
902 3158 1107 3216 voluntatem.

101 3251 168 3311 Cur
183 3260 283 3310 autem
297 3252 408 3310 durum
427 3253 466 3310 sit
482 3254 564 3332 quod
581 3255 767 3334 quandoque
782 3254 963 3333 patiendum
987 3256 1056 3313 cst?
1072 3255 1111 3313 Et

101 3369 160 3408 cur
182 3345 321 3408 dolemus
343 3371 528 3430 quemquam
556 3353 740 3409 mortuum?
770 3351 817 3408 Ad
847 3352 905 3409 hoc
931 3352 1013 3409 euim
1046 3352 1110 3410 nati

104 3466 211 3504 sumus
232 3455 266 3505 ut
288 3467 467 3506 maneamus
485 3448 617 3505 aetcrni‘l
640 3447 809 3506 Favcamus
830 3448 962 3506 Blesillae
983 3456 1108 3520 nostrae,

106 3563 178 3622 quae
198 3544 235 3602 de
261 3543 396 3602 tenebris
418 3545 565 3622 migravit
587 3544 626 3601 ad
649 3545 760 3617 lucem,
783 3552 814 3603 et
830 3544 911 3602 iuter
935 3545 1006 3604 fidei
1032 3546 1110 3604 inci-

108 3639 223 3719 pientis
260 3639 401 3698 ardorem
445 3641 650 3700 consummati
698 3641 799 3718 opcris
839 3641 977 3720 percepit
1022 3661 1111 3701 coro-

109 3755 191 3793 nam.
211 3736 402 3814 lgnoscimus
428 3738 534 3796 matris
555 3737 690 3797 lacrimis
724 3737 777 3795 scd
796 3738 920 3796 modum
943 3739 1110 3816 quaerimus

545 3898 669 3946 „9-
