<?xml version="1.0" encoding="UTF-8"?>
<!DOCTYPE html PUBLIC "-//W3C//DTD XHTML 1.0 Transitional//EN"
    "http://www.w3.org/TR/xhtml1/DTD/xhtml1-transitional.dtd">
<html xmlns="http://www.w3.org/1999/xhtml" xml:lang="en" lang="en">
 <head>
  <title>
</title>
<meta http-equiv="Content-Type" content="text/html;charset=utf-8" />
  <meta name='ocr-system' content='tesseract 3.04.00' />
  <meta name='ocr-capabilities' content='ocr_page ocr_carea ocr_par ocr_line ocrx_word'/>
</head>
<body>
  <div class='ocr_page' id='page_1' title='image "./depublicaprivat00arnagoog_0212.png"; bbox 0 0 2656 4258; ppageno 0'>
   <div class='ocr_carea' id='block_1_1' title="bbox 319 185 856 374">
    <p class='ocr_par' dir='ltr' id='par_1_1' title="bbox 319 185 856 374">
     <span class='ocr_line' id='line_1_1' title="bbox 319 185 856 257; baseline -0.002 -11"><span class='ocrx_word' id='word_1_1' title='bbox 319 186 402 246; x_wconf 85' lang='grc'><strong>219.</strong></span> <span class='ocrx_word' id='word_1_2' title='bbox 422 185 571 257; x_wconf 75' lang='lat' dir='ltr'>origine</span> <span class='ocrx_word' id='word_1_3' title='bbox 590 187 635 244; x_wconf 84' lang='lat' dir='ltr'>de</span> <span class='ocrx_word' id='word_1_4' title='bbox 653 185 856 245; x_wconf 80' lang='lat' dir='ltr'>Mersetlle.</span> 
     </span>
     <span class='ocr_line' id='line_1_2' title="bbox 389 289 790 374; baseline 0 -22"><span class='ocrx_word' id='word_1_5' title='bbox 389 290 448 370; x_wconf 66' lang='lat' dir='ltr'>(De</span> <span class='ocrx_word' id='word_1_6' title='bbox 468 289 620 352; x_wconf 72' lang='lat' dir='ltr'>Massiliae</span> <span class='ocrx_word' id='word_1_7' title='bbox 641 289 790 374; x_wconf 65' lang='lat' dir='ltr'>origine.)</span> 
     </span>
    </p>
   </div>
   <div class='ocr_carea' id='block_1_2' title="bbox 125 448 1242 530">
    <p class='ocr_par' dir='ltr' id='par_1_2' title="bbox 125 448 1242 530">
     <span class='ocr_line' id='line_1_3' title="bbox 125 448 1242 530; baseline 0.004 -22"><span class='ocrx_word' id='word_1_8' title='bbox 125 449 327 530; x_wconf 86' lang='lat' dir='ltr'>Temporibus</span> <span class='ocrx_word' id='word_1_9' title='bbox 360 449 520 530; x_wconf 92' lang='lat' dir='ltr'>Tarquinii</span> <span class='ocrx_word' id='word_1_10' title='bbox 561 449 652 527; x_wconf 88' lang='lat' dir='ltr'>regis,</span> <span class='ocrx_word' id='word_1_11' title='bbox 681 470 719 508; x_wconf 85' lang='lat' dir='ltr'>ex</span> <span class='ocrx_word' id='word_1_12' title='bbox 751 449 824 508; x_wconf 87' lang='lat' dir='ltr'>Asia</span> <span class='ocrx_word' id='word_1_13' title='bbox 857 449 1091 510; x_wconf 89' lang='lat' dir='ltr'>Phocaeensium</span> <span class='ocrx_word' id='word_1_14' title='bbox 1117 448 1158 512; x_wconf 82' lang='lat'>3‘</span> <span class='ocrx_word' id='word_1_15' title='bbox 1238 463 1242 472; x_wconf 89' lang='lat'>&#39;</span> 
     </span>
    </p>
   </div>
   <div class='ocr_carea' id='block_1_3' title="bbox 6 546 1092 1014">
    <p class='ocr_par' dir='ltr' id='par_1_3' title="bbox 6 546 1092 1014">
     <span class='ocr_line' id='line_1_4' title="bbox 82 546 1092 627; baseline 0 -21"><span class='ocrx_word' id='word_1_16' title='bbox 82 554 232 627; x_wconf 68' lang='lat' dir='ltr'>juventus</span> <span class='ocrx_word' id='word_1_17' title='bbox 260 546 338 607; x_wconf 91' lang='lat' dir='ltr'>ostio</span> <span class='ocrx_word' id='word_1_18' title='bbox 364 546 481 606; x_wconf 88' lang='lat' dir='ltr'>Tiberis</span> <span class='ocrx_word' id='word_1_19' title='bbox 504 548 627 606; x_wconf 88' lang='lat' dir='ltr'>invecta</span> <span class='ocrx_word' id='word_1_20' title='bbox 652 546 819 606; x_wconf 81' lang='lat' dir='ltr'>amicitiam</span> <span class='ocrx_word' id='word_1_21' title='bbox 844 566 915 606; x_wconf 94' lang='lat' dir='ltr'>cum</span> <span class='ocrx_word' id='word_1_22' title='bbox 941 546 1092 606; x_wconf 87' lang='lat' dir='ltr'>Romanis</span> 
     </span>
     <span class='ocr_line' id='line_1_5' title="bbox 6 643 1092 724; baseline 0.005 -26"><span class='ocrx_word' id='word_1_23' title='bbox 6 687 7 698; x_wconf 67' lang='grc'>,</span> <span class='ocrx_word' id='word_1_24' title='bbox 82 644 204 724; x_wconf 87' lang='lat' dir='ltr'>junxit:</span> <span class='ocrx_word' id='word_1_25' title='bbox 217 643 289 703; x_wconf 85' lang='lat' dir='ltr'>inde</span> <span class='ocrx_word' id='word_1_26' title='bbox 302 643 333 702; x_wconf 91' lang='lat' dir='ltr'>in</span> <span class='ocrx_word' id='word_1_27' title='bbox 347 644 472 703; x_wconf 90' lang='lat' dir='ltr'>ultimos</span> <span class='ocrx_word' id='word_1_28' title='bbox 484 643 592 704; x_wconf 77' lang='lat' dir='ltr'>Galliae</span> <span class='ocrx_word' id='word_1_29' title='bbox 605 644 689 703; x_wconf 90' lang='lat' dir='ltr'>sinus</span> <span class='ocrx_word' id='word_1_30' title='bbox 703 643 834 703; x_wconf 88' lang='lat' dir='ltr'>navibus</span> <span class='ocrx_word' id='word_1_31' title='bbox 846 643 993 723; x_wconf 85' lang='lat' dir='ltr'>prolecta,</span> <span class='ocrx_word' id='word_1_32' title='bbox 1008 643 1092 703; x_wconf 90' lang='lat' dir='ltr'>Mas-</span> 
     </span>
     <span class='ocr_line' id='line_1_6' title="bbox 85 723 1088 819; baseline 0.002 -21"><span class='ocrx_word' id='word_1_33' title='bbox 85 741 186 800; x_wconf 90' lang='lat' dir='ltr'>siliam</span> <span class='ocrx_word' id='word_1_34' title='bbox 210 740 292 800; x_wconf 90' lang='lat' dir='ltr'>inter</span> <span class='ocrx_word' id='word_1_35' title='bbox 315 735 441 818; x_wconf 84' lang='lat' dir='ltr'>Ligures</span> <span class='ocrx_word' id='word_1_36' title='bbox 461 747 492 799; x_wconf 91' lang='lat' dir='ltr'>et</span> <span class='ocrx_word' id='word_1_37' title='bbox 512 741 592 799; x_wconf 91' lang='lat' dir='ltr'>feras</span> <span class='ocrx_word' id='word_1_38' title='bbox 617 748 724 819; x_wconf 84' lang='lat' dir='ltr'><strong>gentes</strong></span> <span class='ocrx_word' id='word_1_39' title='bbox 749 739 909 800; x_wconf 81' lang='lat' dir='ltr'>Gallorum</span> <span class='ocrx_word' id='word_1_40' title='bbox 936 723 1088 800; x_wconf 81' lang='lat' dir='ltr'>condidit.</span> 
     </span>
     <span class='ocr_line' id='line_1_7' title="bbox 6 835 1090 918; baseline -0.001 -22"><span class='ocrx_word' id='word_1_41' title='bbox 6 839 8 904; x_wconf 77' lang='lat' dir='ltr'>l</span> <span class='ocrx_word' id='word_1_42' title='bbox 85 837 226 918; x_wconf 87' lang='lat' dir='ltr'>Namque</span> <span class='ocrx_word' id='word_1_43' title='bbox 236 836 448 909; x_wconf 79' lang='lat' dir='ltr'>PbocaeenseS,</span> <span class='ocrx_word' id='word_1_44' title='bbox 461 837 628 916; x_wconf 80' lang='lat' dir='ltr'>exiguitate</span> <span class='ocrx_word' id='word_1_45' title='bbox 643 857 678 896; x_wconf 87' lang='lat' dir='ltr'>ac</span> <span class='ocrx_word' id='word_1_46' title='bbox 690 837 788 896; x_wconf 86' lang='lat' dir='ltr'>macie</span> <span class='ocrx_word' id='word_1_47' title='bbox 800 844 890 895; x_wconf 87' lang='lat' dir='ltr'>terrae</span> <span class='ocrx_word' id='word_1_48' title='bbox 901 835 1012 909; x_wconf 90' lang='lat' dir='ltr'>coacti,</span> <span class='ocrx_word' id='word_1_49' title='bbox 1023 843 1090 895; x_wconf 89' lang='lat' dir='ltr'>stu·</span> 
     </span>
     <span class='ocr_line' id='line_1_8' title="bbox 83 932 1087 1014; baseline -0.001 -21"><span class='ocrx_word' id='word_1_50' title='bbox 83 935 200 993; x_wconf 91' lang='lat' dir='ltr'>diosius</span> <span class='ocrx_word' id='word_1_51' title='bbox 214 954 297 993; x_wconf 91' lang='lat' dir='ltr'>mare</span> <span class='ocrx_word' id='word_1_52' title='bbox 312 953 404 1014; x_wconf 89' lang='lat' dir='ltr'>quam</span> <span class='ocrx_word' id='word_1_53' title='bbox 418 939 514 992; x_wconf 88' lang='lat' dir='ltr'>terras</span> <span class='ocrx_word' id='word_1_54' title='bbox 529 954 693 993; x_wconf 85' lang='lat' dir='ltr'>exercuere</span> <span class='ocrx_word' id='word_1_55' title='bbox 709 952 716 994; x_wconf 91' lang='lat'>:</span> <span class='ocrx_word' id='word_1_56' title='bbox 729 932 891 1012; x_wconf 91' lang='lat' dir='ltr'>piscando,</span> <span class='ocrx_word' id='word_1_57' title='bbox 909 932 1087 1006; x_wconf 85' lang='lat' dir='ltr'>mercand0,</span> 
     </span>
    </p>
   </div>
   <div class='ocr_carea' id='block_1_4' title="bbox 5 1029 1089 1220">
    <p class='ocr_par' dir='ltr' id='par_1_4' title="bbox 5 1029 1089 1220">
     <span class='ocr_line' id='line_1_9' title="bbox 6 1029 1089 1111; baseline 0 -23"><span class='ocrx_word' id='word_1_58' title='bbox 6 1047 7 1070; x_wconf 82' lang='lat'>³</span> <span class='ocrx_word' id='word_1_59' title='bbox 85 1031 266 1111; x_wconf 90' lang='lat' dir='ltr'>plerumque</span> <span class='ocrx_word' id='word_1_60' title='bbox 285 1031 378 1090; x_wconf 89' lang='lat' dir='ltr'>etiam</span> <span class='ocrx_word' id='word_1_61' title='bbox 400 1030 562 1090; x_wconf 89' lang='lat' dir='ltr'>latrocinio</span> <span class='ocrx_word' id='word_1_62' title='bbox 577 1031 681 1102; x_wconf 92' lang='lat' dir='ltr'>maris,</span> <span class='ocrx_word' id='word_1_63' title='bbox 706 1029 789 1110; x_wconf 93' lang='lat' dir='ltr'>quod</span> <span class='ocrx_word' id='word_1_64' title='bbox 814 1029 875 1088; x_wconf 93' lang='lat' dir='ltr'>illis</span> <span class='ocrx_word' id='word_1_65' title='bbox 897 1029 1089 1109; x_wconf 84' lang='lat' dir='ltr'>temporibus</span> 
     </span>
     <span class='ocr_line' id='line_1_10' title="bbox 5 1077 1088 1220; baseline 0 -38"><span class='ocrx_word' id='word_1_66' title='bbox 5 1077 8 1220; x_wconf 68' lang='lat' dir='ltr'>l</span> <span class='ocrx_word' id='word_1_67' title='bbox 84 1123 184 1202; x_wconf 89' lang='lat' dir='ltr'>gloria</span> <span class='ocrx_word' id='word_1_68' title='bbox 208 1123 390 1197; x_wconf 82' lang='lat' dir='ltr'>habebatur,</span> <span class='ocrx_word' id='word_1_69' title='bbox 422 1123 520 1182; x_wconf 91' lang='lat' dir='ltr'>vitam</span> <span class='ocrx_word' id='word_1_70' title='bbox 543 1123 728 1182; x_wconf 90' lang='lat' dir='ltr'>tolerabant.</span> <span class='ocrx_word' id='word_1_71' title='bbox 758 1123 865 1202; x_wconf 90' lang='lat' dir='ltr'>ltaque</span> <span class='ocrx_word' id='word_1_72' title='bbox 891 1122 923 1182; x_wconf 91' lang='lat' dir='ltr'>in</span> <span class='ocrx_word' id='word_1_73' title='bbox 948 1121 1088 1184; x_wconf 89' lang='lat' dir='ltr'>ultimam</span> 
     </span>
    </p>
   </div>
   <div class='ocr_carea' id='block_1_5' title="bbox 3 1219 1093 2750">
    <p class='ocr_par' dir='ltr' id='par_1_5' title="bbox 3 1219 1093 2750">
     <span class='ocr_line' id='line_1_11' title="bbox 5 1219 1092 1300; baseline -0.002 -20"><span class='ocrx_word' id='word_1_74' title='bbox 5 1223 6 1228; x_wconf 71' lang='grc'>’</span> <span class='ocrx_word' id='word_1_75' title='bbox 84 1221 199 1280; x_wconf 86' lang='lat' dir='ltr'>Oceani</span> <span class='ocrx_word' id='word_1_76' title='bbox 213 1241 297 1280; x_wconf 93' lang='lat' dir='ltr'>oram</span> <span class='ocrx_word' id='word_1_77' title='bbox 311 1219 478 1300; x_wconf 90' lang='lat' dir='ltr'>procedere</span> <span class='ocrx_word' id='word_1_78' title='bbox 493 1220 569 1294; x_wconf 90' lang='lat' dir='ltr'>ausi,</span> <span class='ocrx_word' id='word_1_79' title='bbox 585 1220 617 1279; x_wconf 91' lang='lat' dir='ltr'>in</span> <span class='ocrx_word' id='word_1_80' title='bbox 633 1219 734 1278; x_wconf 90' lang='lat' dir='ltr'>sinum</span> <span class='ocrx_word' id='word_1_81' title='bbox 749 1219 895 1296; x_wconf 89' lang='lat' dir='ltr'>gallicum</span> <span class='ocrx_word' id='word_1_82' title='bbox 911 1219 991 1278; x_wconf 91' lang='lat' dir='ltr'>ostio</span> <span class='ocrx_word' id='word_1_83' title='bbox 1007 1219 1092 1279; x_wconf 87' lang='lat' dir='ltr'>Rho·</span> 
     </span>
     <span class='ocr_line' id='line_1_12' title="bbox 5 1315 1092 1396; baseline -0.002 -20"><span class='ocrx_word' id='word_1_84' title='bbox 5 1377 7 1392; x_wconf 67' lang='lat'>,</span> <span class='ocrx_word' id='word_1_85' title='bbox 83 1318 156 1376; x_wconf 90' lang='lat' dir='ltr'>dani</span> <span class='ocrx_word' id='word_1_86' title='bbox 171 1317 270 1376; x_wconf 86' lang='lat' dir='ltr'>amnis</span> <span class='ocrx_word' id='word_1_87' title='bbox 282 1316 445 1376; x_wconf 85' lang='lat' dir='ltr'>devenere.</span> <span class='ocrx_word' id='word_1_88' title='bbox 463 1315 562 1396; x_wconf 88' lang='lat' dir='ltr'>Cujus</span> <span class='ocrx_word' id='word_1_89' title='bbox 586 1315 645 1375; x_wconf 91' lang='lat' dir='ltr'>loci</span> <span class='ocrx_word' id='word_1_90' title='bbox 665 1316 844 1375; x_wconf 86' lang='lat' dir='ltr'>amoenitate</span> <span class='ocrx_word' id='word_1_91' title='bbox 861 1316 955 1395; x_wconf 91' lang='lat' dir='ltr'>capti,</span> <span class='ocrx_word' id='word_1_92' title='bbox 976 1316 1092 1374; x_wconf 90' lang='lat' dir='ltr'>reversi</span> 
     </span>
     <span class='ocr_line' id='line_1_13' title="bbox 5 1412 1090 1498; baseline 0.001 -25"><span class='ocrx_word' id='word_1_93' title='bbox 5 1445 7 1498; x_wconf 40' lang='grc' dir='ltr'><em>γ</em></span> <span class='ocrx_word' id='word_1_94' title='bbox 82 1415 222 1486; x_wconf 89' lang='lat' dir='ltr'>domum,</span> <span class='ocrx_word' id='word_1_95' title='bbox 254 1413 420 1472; x_wconf 82' lang='lat' dir='ltr'>relerentes</span> <span class='ocrx_word' id='word_1_96' title='bbox 451 1434 522 1494; x_wconf 82' lang='lat' dir='ltr'>quae</span> <span class='ocrx_word' id='word_1_97' title='bbox 560 1413 715 1486; x_wconf 89' lang='lat' dir='ltr'>viderant,</span> <span class='ocrx_word' id='word_1_98' title='bbox 744 1412 848 1492; x_wconf 92' lang='lat' dir='ltr'>plures</span> <span class='ocrx_word' id='word_1_99' title='bbox 876 1412 1090 1474; x_wconf 86' lang='lat' dir='ltr'>sollicitavere.</span> 
     </span>
     <span class='ocr_line' id='line_1_14' title="bbox 85 1509 1092 1590; baseline -0.003 -20"><span class='ocrx_word' id='word_1_100' title='bbox 85 1513 188 1570; x_wconf 88' lang='lat' dir='ltr'>Duces</span> <span class='ocrx_word' id='word_1_101' title='bbox 203 1510 308 1570; x_wconf 89' lang='lat' dir='ltr'>classis</span> <span class='ocrx_word' id='word_1_102' title='bbox 328 1511 427 1569; x_wconf 85' lang='lat' dir='ltr'>Simos</span> <span class='ocrx_word' id='word_1_103' title='bbox 449 1517 481 1568; x_wconf 95' lang='lat' dir='ltr'>et</span> <span class='ocrx_word' id='word_1_104' title='bbox 498 1510 598 1568; x_wconf 90' lang='lat' dir='ltr'>Protis</span> <span class='ocrx_word' id='word_1_105' title='bbox 616 1509 713 1570; x_wconf 87' lang='lat' dir='ltr'>luere.</span> <span class='ocrx_word' id='word_1_106' title='bbox 739 1510 846 1590; x_wconf 88' lang='lat' dir='ltr'>ltaque</span> <span class='ocrx_word' id='word_1_107' title='bbox 870 1531 973 1588; x_wconf 89' lang='lat' dir='ltr'>regem</span> <span class='ocrx_word' id='word_1_108' title='bbox 994 1509 1092 1587; x_wconf 91' lang='lat' dir='ltr'>Sego-</span> 
     </span>
     <span class='ocr_line' id='line_1_15' title="bbox 84 1605 1093 1686; baseline -0.002 -20"><span class='ocrx_word' id='word_1_109' title='bbox 84 1606 429 1686; x_wconf 85' lang='lat' dir='ltr'>brigensium‚Nannum</span> <span class='ocrx_word' id='word_1_110' title='bbox 448 1606 583 1678; x_wconf 89' lang='lat' dir='ltr'>nomine,</span> <span class='ocrx_word' id='word_1_111' title='bbox 602 1606 634 1665; x_wconf 92' lang='lat' dir='ltr'>in</span> <span class='ocrx_word' id='word_1_112' title='bbox 655 1605 744 1686; x_wconf 88' lang='lat' dir='ltr'>cujus</span> <span class='ocrx_word' id='word_1_113' title='bbox 761 1606 873 1666; x_wconf 91' lang='lat' dir='ltr'>finibus</span> <span class='ocrx_word' id='word_1_114' title='bbox 894 1607 1000 1665; x_wconf 91' lang='lat' dir='ltr'>urbem</span> <span class='ocrx_word' id='word_1_115' title='bbox 1018 1626 1093 1665; x_wconf 93' lang='lat' dir='ltr'>con-</span> 
     </span>
     <span class='ocr_line' id='line_1_16' title="bbox 4 1702 1092 1782; baseline -0.001 -20"><span class='ocrx_word' id='word_1_116' title='bbox 4 1709 5 1782; x_wconf 75' lang='lat' dir='ltr'>l</span> <span class='ocrx_word' id='word_1_117' title='bbox 83 1705 157 1763; x_wconf 88' lang='lat' dir='ltr'>dere</span> <span class='ocrx_word' id='word_1_118' title='bbox 172 1703 354 1780; x_wconf 80' lang='lat' dir='ltr'>gestiebant,</span> <span class='ocrx_word' id='word_1_119' title='bbox 372 1702 540 1762; x_wconf 89' lang='lat' dir='ltr'>amicitiam</span> <span class='ocrx_word' id='word_1_120' title='bbox 560 1710 711 1782; x_wconf 75' lang='lat' dir='ltr'>petenteS,</span> <span class='ocrx_word' id='word_1_121' title='bbox 728 1704 929 1763; x_wconf 89' lang='lat' dir='ltr'>conveniunt.</span> <span class='ocrx_word' id='word_1_122' title='bbox 948 1703 1040 1762; x_wconf 88' lang='lat' dir='ltr'>Forte</span> <span class='ocrx_word' id='word_1_123' title='bbox 1055 1723 1092 1761; x_wconf 93' lang='lat' dir='ltr'>eo</span> 
     </span>
     <span class='ocr_line' id='line_1_17' title="bbox 4 1783 1090 1880; baseline 0.001 -20"><span class='ocrx_word' id='word_1_124' title='bbox 4 1783 6 1860; x_wconf 88' lang='lat' dir='ltr'>l</span> <span class='ocrx_word' id='word_1_125' title='bbox 84 1802 135 1859; x_wconf 88' lang='lat' dir='ltr'>die</span> <span class='ocrx_word' id='word_1_126' title='bbox 145 1821 199 1858; x_wconf 85' lang='lat' dir='ltr'>rex</span> <span class='ocrx_word' id='word_1_127' title='bbox 211 1806 379 1879; x_wconf 91' lang='lat' dir='ltr'>occupatus</span> <span class='ocrx_word' id='word_1_128' title='bbox 391 1799 423 1857; x_wconf 94' lang='lat' dir='ltr'>in</span> <span class='ocrx_word' id='word_1_129' title='bbox 436 1806 586 1879; x_wconf 88' lang='lat' dir='ltr'>apparatu</span> <span class='ocrx_word' id='word_1_130' title='bbox 602 1799 781 1879; x_wconf 87' lang='lat' dir='ltr'>nuptiarum</span> <span class='ocrx_word' id='word_1_131' title='bbox 795 1799 907 1880; x_wconf 82' lang='lat' dir='ltr'>Gyptis</span> <span class='ocrx_word' id='word_1_132' title='bbox 923 1799 993 1858; x_wconf 87' lang='lat' dir='ltr'>filiae</span> <span class='ocrx_word' id='word_1_133' title='bbox 1006 1806 1090 1861; x_wconf 90' lang='lat' dir='ltr'>erat:</span> 
     </span>
     <span class='ocr_line' id='line_1_18' title="bbox 4 1879 1091 1976; baseline -0.001 -22"><span class='ocrx_word' id='word_1_134' title='bbox 4 1879 6 1954; x_wconf 62' lang='lat' dir='ltr'>l</span> <span class='ocrx_word' id='word_1_135' title='bbox 82 1917 177 1976; x_wconf 90' lang='lat' dir='ltr'>quam</span> <span class='ocrx_word' id='word_1_136' title='bbox 205 1915 288 1955; x_wconf 90' lang='lat' dir='ltr'>more</span> <span class='ocrx_word' id='word_1_137' title='bbox 309 1897 420 1976; x_wconf 77' lang='lat' dir='ltr'>gentis,</span> <span class='ocrx_word' id='word_1_138' title='bbox 443 1895 541 1955; x_wconf 90' lang='lat' dir='ltr'>electo</span> <span class='ocrx_word' id='word_1_139' title='bbox 565 1896 647 1955; x_wconf 91' lang='lat' dir='ltr'>inter</span> <span class='ocrx_word' id='word_1_140' title='bbox 672 1895 778 1975; x_wconf 88' lang='lat' dir='ltr'>epulas</span> <span class='ocrx_word' id='word_1_141' title='bbox 803 1917 926 1974; x_wconf 83' lang='lat' dir='ltr'>genem,</span> <span class='ocrx_word' id='word_1_142' title='bbox 961 1903 1091 1976; x_wconf 88' lang='lat' dir='ltr'>nuptum</span> 
     </span>
     <span class='ocr_line' id='line_1_19' title="bbox 85 1993 1092 2073; baseline 0.001 -22"><span class='ocrx_word' id='word_1_143' title='bbox 85 1993 206 2051; x_wconf 87' lang='lat' dir='ltr'>tradere</span> <span class='ocrx_word' id='word_1_144' title='bbox 217 1993 280 2052; x_wconf 89' lang='lat' dir='ltr'>illic</span> <span class='ocrx_word' id='word_1_145' title='bbox 293 1993 431 2072; x_wconf 91' lang='lat' dir='ltr'>parabat.</span> <span class='ocrx_word' id='word_1_146' title='bbox 450 1993 559 2073; x_wconf 90' lang='lat' dir='ltr'>ltaque</span> <span class='ocrx_word' id='word_1_147' title='bbox 572 2013 641 2051; x_wconf 92' lang='lat' dir='ltr'>cum</span> <span class='ocrx_word' id='word_1_148' title='bbox 654 1993 692 2052; x_wconf 90' lang='lat' dir='ltr'>ad</span> <span class='ocrx_word' id='word_1_149' title='bbox 710 1993 833 2072; x_wconf 91' lang='lat' dir='ltr'>nuptias</span> <span class='ocrx_word' id='word_1_150' title='bbox 848 1993 972 2052; x_wconf 88' lang='lat' dir='ltr'>invitati</span> <span class='ocrx_word' id='word_1_151' title='bbox 986 2013 1092 2052; x_wconf 90' lang='lat' dir='ltr'>omnes</span> 
     </span>
     <span class='ocr_line' id='line_1_20' title="bbox 3 2089 1089 2170; baseline 0.003 -22"><span class='ocrx_word' id='word_1_152' title='bbox 3 2091 5 2102; x_wconf 80' lang='grc'>’</span> <span class='ocrx_word' id='word_1_153' title='bbox 83 2091 169 2170; x_wconf 89' lang='lat' dir='ltr'>proci</span> <span class='ocrx_word' id='word_1_154' title='bbox 187 2096 299 2162; x_wconf 87' lang='lat' dir='ltr'>essent,</span> <span class='ocrx_word' id='word_1_155' title='bbox 316 2095 466 2167; x_wconf 85' lang='lat' dir='ltr'>rogantur</span> <span class='ocrx_word' id='word_1_156' title='bbox 483 2090 576 2148; x_wconf 89' lang='lat' dir='ltr'>etiam</span> <span class='ocrx_word' id='word_1_157' title='bbox 590 2089 681 2167; x_wconf 86' lang='lat' dir='ltr'>graeci</span> <span class='ocrx_word' id='word_1_158' title='bbox 698 2089 835 2169; x_wconf 89' lang='lat' dir='ltr'>hospites</span> <span class='ocrx_word' id='word_1_159' title='bbox 848 2089 887 2149; x_wconf 94' lang='lat' dir='ltr'>ad</span> <span class='ocrx_word' id='word_1_160' title='bbox 899 2089 1089 2152; x_wconf 89' lang='lat' dir='ltr'>convivium.</span> 
     </span>
     <span class='ocr_line' id='line_1_21' title="bbox 85 2186 1091 2267; baseline 0.002 -21"><span class='ocrx_word' id='word_1_161' title='bbox 85 2187 266 2246; x_wconf 90' lang='lat' dir='ltr'>lntroducta</span> <span class='ocrx_word' id='word_1_162' title='bbox 289 2186 398 2245; x_wconf 88' lang='lat' dir='ltr'>deinde</span> <span class='ocrx_word' id='word_1_163' title='bbox 422 2187 521 2264; x_wconf 89' lang='lat' dir='ltr'>virgo,</span> <span class='ocrx_word' id='word_1_164' title='bbox 548 2207 620 2246; x_wconf 92' lang='lat' dir='ltr'>cum</span> <span class='ocrx_word' id='word_1_165' title='bbox 638 2187 801 2267; x_wconf 89' lang='lat' dir='ltr'>juberetur</span> <span class='ocrx_word' id='word_1_166' title='bbox 831 2207 848 2245; x_wconf 95' lang='lat' dir='ltr'>a</span> <span class='ocrx_word' id='word_1_167' title='bbox 874 2193 960 2267; x_wconf 91' lang='lat' dir='ltr'>patre</span> <span class='ocrx_word' id='word_1_168' title='bbox 980 2207 1091 2267; x_wconf 92' lang='lat' dir='ltr'>aquam</span> 
     </span>
     <span class='ocr_line' id='line_1_22' title="bbox 84 2282 1088 2363; baseline 0 -20"><span class='ocrx_word' id='word_1_169' title='bbox 84 2284 242 2363; x_wconf 89' lang='lat' dir='ltr'>porrigere</span> <span class='ocrx_word' id='word_1_170' title='bbox 257 2282 296 2356; x_wconf 91' lang='lat' dir='ltr'>ei,</span> <span class='ocrx_word' id='word_1_171' title='bbox 315 2302 406 2362; x_wconf 90' lang='lat' dir='ltr'>quem</span> <span class='ocrx_word' id='word_1_172' title='bbox 420 2283 520 2341; x_wconf 89' lang='lat' dir='ltr'>virum</span> <span class='ocrx_word' id='word_1_173' title='bbox 533 2283 671 2360; x_wconf 88' lang='lat' dir='ltr'>eligeret,</span> <span class='ocrx_word' id='word_1_174' title='bbox 688 2292 774 2356; x_wconf 90' lang='lat' dir='ltr'>tunc,</span> <span class='ocrx_word' id='word_1_175' title='bbox 792 2284 913 2342; x_wconf 90' lang='lat' dir='ltr'>omissis</span> <span class='ocrx_word' id='word_1_176' title='bbox 934 2284 1088 2358; x_wconf 87' lang='lat' dir='ltr'>omnibus,</span> 
     </span>
     <span class='ocr_line' id='line_1_23' title="bbox 81 2380 1093 2461; baseline 0.003 -21"><span class='ocrx_word' id='word_1_177' title='bbox 81 2381 119 2440; x_wconf 89' lang='lat' dir='ltr'>ad</span> <span class='ocrx_word' id='word_1_178' title='bbox 136 2380 263 2440; x_wconf 86' lang='lat' dir='ltr'>Graecos</span> <span class='ocrx_word' id='word_1_179' title='bbox 281 2400 440 2454; x_wconf 89' lang='lat' dir='ltr'>conversa,</span> <span class='ocrx_word' id='word_1_180' title='bbox 456 2399 567 2460; x_wconf 91' lang='lat' dir='ltr'>aquam</span> <span class='ocrx_word' id='word_1_181' title='bbox 589 2381 673 2440; x_wconf 92' lang='lat' dir='ltr'>Proti</span> <span class='ocrx_word' id='word_1_182' title='bbox 692 2381 824 2461; x_wconf 92' lang='lat' dir='ltr'>porrigit</span> <span class='ocrx_word' id='word_1_183' title='bbox 840 2399 847 2442; x_wconf 73' lang='grc' dir='ltr'>ε</span> <span class='ocrx_word' id='word_1_184' title='bbox 863 2381 916 2461; x_wconf 94' lang='lat' dir='ltr'>qui</span> <span class='ocrx_word' id='word_1_185' title='bbox 938 2381 1039 2441; x_wconf 84' lang='lat' dir='ltr'>lactus</span> <span class='ocrx_word' id='word_1_186' title='bbox 1054 2403 1093 2444; x_wconf 83' lang='lat' dir='ltr'>ex</span> 
     </span>
     <span class='ocr_line' id='line_1_24' title="bbox 83 2477 1090 2559; baseline 0.004 -24"><span class='ocrx_word' id='word_1_187' title='bbox 83 2478 205 2557; x_wconf 93' lang='lat' dir='ltr'>hospite</span> <span class='ocrx_word' id='word_1_188' title='bbox 222 2497 326 2554; x_wconf 88' lang='lat' dir='ltr'>gener,</span> <span class='ocrx_word' id='word_1_189' title='bbox 351 2477 454 2536; x_wconf 93' lang='lat' dir='ltr'>locum</span> <span class='ocrx_word' id='word_1_190' title='bbox 478 2477 647 2536; x_wconf 85' lang='lat' dir='ltr'>condendae</span> <span class='ocrx_word' id='word_1_191' title='bbox 671 2478 754 2537; x_wconf 91' lang='lat' dir='ltr'>urbis</span> <span class='ocrx_word' id='word_1_192' title='bbox 781 2499 798 2537; x_wconf 95' lang='lat' dir='ltr'>a</span> <span class='ocrx_word' id='word_1_193' title='bbox 825 2499 931 2537; x_wconf 90' lang='lat' dir='ltr'>socero</span> <span class='ocrx_word' id='word_1_194' title='bbox 956 2479 1090 2559; x_wconf 89' lang='lat' dir='ltr'>accepit.</span> 
     </span>
     <span class='ocr_line' id='line_1_25' title="bbox 81 2573 1090 2654; baseline 0.001 -20"><span class='ocrx_word' id='word_1_195' title='bbox 81 2574 218 2634; x_wconf 89' lang='lat' dir='ltr'>Condita</span> <span class='ocrx_word' id='word_1_196' title='bbox 239 2573 334 2652; x_wconf 90' lang='lat' dir='ltr'>igitur</span> <span class='ocrx_word' id='word_1_197' title='bbox 355 2573 493 2634; x_wconf 91' lang='lat' dir='ltr'>Massilia</span> <span class='ocrx_word' id='word_1_198' title='bbox 517 2582 564 2633; x_wconf 91' lang='lat' dir='ltr'>est</span> <span class='ocrx_word' id='word_1_199' title='bbox 588 2595 684 2654; x_wconf 89' lang='lat' dir='ltr'>prope</span> <span class='ocrx_word' id='word_1_200' title='bbox 709 2574 787 2634; x_wconf 90' lang='lat' dir='ltr'>ostia</span> <span class='ocrx_word' id='word_1_201' title='bbox 809 2574 954 2635; x_wconf 87' lang='lat' dir='ltr'>Rhodani</span> <span class='ocrx_word' id='word_1_202' title='bbox 979 2575 1090 2650; x_wconf 88' lang='lat' dir='ltr'>amnis,</span> 
     </span>
     <span class='ocr_line' id='line_1_26' title="bbox 82 2669 752 2750; baseline 0.007 -22"><span class='ocrx_word' id='word_1_203' title='bbox 82 2671 113 2730; x_wconf 91' lang='lat' dir='ltr'>in</span> <span class='ocrx_word' id='word_1_204' title='bbox 130 2677 252 2730; x_wconf 92' lang='lat' dir='ltr'>remoto</span> <span class='ocrx_word' id='word_1_205' title='bbox 266 2669 347 2744; x_wconf 90' lang='lat' dir='ltr'>sinu,</span> <span class='ocrx_word' id='word_1_206' title='bbox 364 2670 461 2730; x_wconf 93' lang='lat' dir='ltr'>veluti</span> <span class='ocrx_word' id='word_1_207' title='bbox 473 2671 505 2729; x_wconf 91' lang='lat' dir='ltr'>in</span> <span class='ocrx_word' id='word_1_208' title='bbox 520 2671 633 2750; x_wconf 91' lang='lat' dir='ltr'>angulo</span> <span class='ocrx_word' id='word_1_209' title='bbox 648 2672 752 2734; x_wconf 90' lang='lat' dir='ltr'>maris.</span> 
     </span>
    </p>
   </div>
   <div class='ocr_carea' id='block_1_6' title="bbox 233 2909 932 3098">
    <p class='ocr_par' dir='ltr' id='par_1_6' title="bbox 233 2909 932 3098">
     <span class='ocr_line' id='line_1_27' title="bbox 233 2909 931 2988; baseline 0.003 -20"><span class='ocrx_word' id='word_1_210' title='bbox 233 2909 316 2970; x_wconf 88' lang='grc'><strong>220.</strong></span> <span class='ocrx_word' id='word_1_211' title='bbox 336 2912 461 2988; x_wconf 75' lang='lat' dir='ltr'>Usage</span> <span class='ocrx_word' id='word_1_212' title='bbox 481 2909 663 2980; x_wconf 77' lang='lat' dir='ltr'>singulter</span> <span class='ocrx_word' id='word_1_213' title='bbox 682 2910 707 2967; x_wconf 77' lang='lat' dir='ltr'>a</span> <span class='ocrx_word' id='word_1_214' title='bbox 725 2910 931 2970; x_wconf 83' lang='lat' dir='ltr'>Marsettle.</span> 
     </span>
     <span class='ocr_line' id='line_1_28' title="bbox 236 3013 932 3098; baseline 0.003 -24"><span class='ocrx_word' id='word_1_215' title='bbox 236 3013 295 3095; x_wconf 79' lang='lat' dir='ltr'>(De</span> <span class='ocrx_word' id='word_1_216' title='bbox 316 3035 401 3074; x_wconf 89' lang='lat' dir='ltr'>more</span> <span class='ocrx_word' id='word_1_217' title='bbox 421 3013 560 3096; x_wconf 83' lang='lat' dir='ltr'>quodam</span> <span class='ocrx_word' id='word_1_218' title='bbox 581 3013 734 3074; x_wconf 74' lang='lat' dir='ltr'>Massiliae</span> <span class='ocrx_word' id='word_1_219' title='bbox 758 3015 932 3098; x_wconf 78' lang='lat' dir='ltr'>usurpato.)</span> 
     </span>
    </p>
   </div>
   <div class='ocr_carea' id='block_1_7' title="bbox 3 3173 1158 3836">
    <p class='ocr_par' dir='ltr' id='par_1_7' title="bbox 118 3173 1158 3258">
     <span class='ocr_line' id='line_1_29' title="bbox 118 3173 1158 3258; baseline -0.001 -25"><span class='ocrx_word' id='word_1_220' title='bbox 118 3175 202 3233; x_wconf 82' lang='lat' dir='ltr'>Duae</span> <span class='ocrx_word' id='word_1_221' title='bbox 230 3181 301 3232; x_wconf 89' lang='lat' dir='ltr'>ante</span> <span class='ocrx_word' id='word_1_222' title='bbox 327 3180 432 3253; x_wconf 90' lang='lat' dir='ltr'>portas</span> <span class='ocrx_word' id='word_1_223' title='bbox 462 3173 703 3234; x_wconf 89' lang='lat' dir='ltr'>Massiliensium</span> <span class='ocrx_word' id='word_1_224' title='bbox 734 3195 813 3233; x_wconf 88' lang='lat' dir='ltr'>arcae</span> <span class='ocrx_word' id='word_1_225' title='bbox 839 3173 962 3254; x_wconf 86' lang='lat' dir='ltr'>jacent;</span> <span class='ocrx_word' id='word_1_226' title='bbox 996 3174 1092 3236; x_wconf 87' lang='lat' dir='ltr'>altera</span> <span class='ocrx_word' id='word_1_227' title='bbox 1118 3195 1158 3258; x_wconf 73' lang='lat'>3·</span> 
     </span>
    </p>

    <p class='ocr_par' dir='ltr' id='par_1_8' title="bbox 3 3269 1093 3644">
     <span class='ocr_line' id='line_1_30' title="bbox 3 3269 1093 3352; baseline 0.002 -22"><span class='ocrx_word' id='word_1_228' title='bbox 3 3319 5 3330; x_wconf 55' lang='lat'>,</span> <span class='ocrx_word' id='word_1_229' title='bbox 78 3293 142 3352; x_wconf 86' lang='lat' dir='ltr'>qna</span> <span class='ocrx_word' id='word_1_230' title='bbox 169 3269 348 3344; x_wconf 89' lang='lat' dir='ltr'>liberorum,</span> <span class='ocrx_word' id='word_1_231' title='bbox 373 3269 467 3329; x_wconf 87' lang='lat' dir='ltr'>altera</span> <span class='ocrx_word' id='word_1_232' title='bbox 494 3291 555 3351; x_wconf 92' lang='lat' dir='ltr'>qua</span> <span class='ocrx_word' id='word_1_233' title='bbox 576 3291 736 3330; x_wconf 89' lang='lat' dir='ltr'>servorum</span> <span class='ocrx_word' id='word_1_234' title='bbox 773 3291 902 3351; x_wconf 92' lang='lat' dir='ltr'>corpora</span> <span class='ocrx_word' id='word_1_235' title='bbox 929 3271 967 3330; x_wconf 87' lang='lat' dir='ltr'>ad</span> <span class='ocrx_word' id='word_1_236' title='bbox 983 3270 1093 3351; x_wconf 86' lang='lat' dir='ltr'>sepul·</span> 
     </span>
     <span class='ocr_line' id='line_1_31' title="bbox 79 3367 1090 3448; baseline 0.001 -21"><span class='ocrx_word' id='word_1_237' title='bbox 79 3378 161 3427; x_wconf 83' lang='lat' dir='ltr'>turae</span> <span class='ocrx_word' id='word_1_238' title='bbox 188 3367 290 3426; x_wconf 93' lang='lat' dir='ltr'>locum</span> <span class='ocrx_word' id='word_1_239' title='bbox 326 3367 464 3448; x_wconf 89' lang='lat' dir='ltr'>plaustro</span> <span class='ocrx_word' id='word_1_240' title='bbox 506 3367 713 3429; x_wconf 88' lang='lat' dir='ltr'>devehuntur.</span> <span class='ocrx_word' id='word_1_241' title='bbox 745 3367 816 3426; x_wconf 90' lang='lat' dir='ltr'>Sine</span> <span class='ocrx_word' id='word_1_242' title='bbox 856 3368 1090 3445; x_wconf 83' lang='lat' dir='ltr'>lamentatione,</span> 
     </span>
     <span class='ocr_line' id='line_1_32' title="bbox 78 3463 1092 3543; baseline 0.003 -20"><span class='ocrx_word' id='word_1_243' title='bbox 78 3466 147 3524; x_wconf 90' lang='lat' dir='ltr'>sine</span> <span class='ocrx_word' id='word_1_244' title='bbox 181 3463 318 3543; x_wconf 89' lang='lat' dir='ltr'>planctu,</span> <span class='ocrx_word' id='word_1_245' title='bbox 346 3464 451 3523; x_wconf 90' lang='lat' dir='ltr'>luctus</span> <span class='ocrx_word' id='word_1_246' title='bbox 498 3463 616 3523; x_wconf 82' lang='lat' dir='ltr'>funeris</span> <span class='ocrx_word' id='word_1_247' title='bbox 647 3463 695 3523; x_wconf 91' lang='lat' dir='ltr'>die</span> <span class='ocrx_word' id='word_1_248' title='bbox 739 3464 913 3524; x_wconf 90' lang='lat' dir='ltr'>domestico</span> <span class='ocrx_word' id='word_1_249' title='bbox 942 3466 1092 3527; x_wconf 86' lang='lat' dir='ltr'>sacrificio</span> 
     </span>
     <span class='ocr_line' id='line_1_33' title="bbox 77 3560 1091 3644; baseline 0.001 -23"><span class='ocrx_word' id='word_1_250' title='bbox 77 3562 271 3642; x_wconf 87' lang='lat' dir='ltr'>adjectoque</span> <span class='ocrx_word' id='word_1_251' title='bbox 293 3560 534 3619; x_wconf 90' lang='lat' dir='ltr'>necessariorum</span> <span class='ocrx_word' id='word_1_252' title='bbox 559 3561 704 3620; x_wconf 89' lang='lat' dir='ltr'>convivio</span> <span class='ocrx_word' id='word_1_253' title='bbox 729 3561 846 3620; x_wconf 83' lang='lat' dir='ltr'>finitur.</span> <span class='ocrx_word' id='word_1_254' title='bbox 877 3561 997 3621; x_wconf 85' lang='lat' dir='ltr'>Etenim</span> <span class='ocrx_word' id='word_1_255' title='bbox 1016 3562 1091 3644; x_wconf 92' lang='lat' dir='ltr'>quid</span> 
     </span>
    </p>

    <p class='ocr_par' dir='ltr' id='par_1_9' title="bbox 3 3656 1092 3836">
     <span class='ocr_line' id='line_1_34' title="bbox 3 3656 1091 3737; baseline 0 -19"><span class='ocrx_word' id='word_1_256' title='bbox 3 3716 4 3737; x_wconf 74' lang='lat'>,</span> <span class='ocrx_word' id='word_1_257' title='bbox 78 3659 197 3718; x_wconf 89' lang='lat' dir='ltr'>attinet</span> <span class='ocrx_word' id='word_1_258' title='bbox 223 3664 277 3716; x_wconf 94' lang='lat' dir='ltr'>aut</span> <span class='ocrx_word' id='word_1_259' title='bbox 299 3657 432 3717; x_wconf 90' lang='lat' dir='ltr'>humano</span> <span class='ocrx_word' id='word_1_260' title='bbox 457 3656 557 3716; x_wconf 89' lang='lat' dir='ltr'>dolori</span> <span class='ocrx_word' id='word_1_261' title='bbox 576 3657 740 3735; x_wconf 90' lang='lat' dir='ltr'>indulgeri,</span> <span class='ocrx_word' id='word_1_262' title='bbox 764 3665 819 3716; x_wconf 88' lang='lat' dir='ltr'>aut</span> <span class='ocrx_word' id='word_1_263' title='bbox 842 3657 949 3718; x_wconf 92' lang='lat' dir='ltr'>divino</span> <span class='ocrx_word' id='word_1_264' title='bbox 972 3660 1091 3720; x_wconf 90' lang='lat' dir='ltr'>numini</span> 
     </span>
     <span class='ocr_line' id='line_1_35' title="bbox 77 3753 1092 3836; baseline 0 -22"><span class='ocrx_word' id='word_1_265' title='bbox 77 3754 232 3814; x_wconf 87' lang='lat' dir='ltr'>invidiam</span> <span class='ocrx_word' id='word_1_266' title='bbox 248 3754 323 3827; x_wconf 86' lang='lat' dir='ltr'>lieri,</span> <span class='ocrx_word' id='word_1_267' title='bbox 348 3755 431 3836; x_wconf 92' lang='lat' dir='ltr'>quod</span> <span class='ocrx_word' id='word_1_268' title='bbox 451 3753 716 3814; x_wconf 89' lang='lat' dir='ltr'>immortalitatem</span> <span class='ocrx_word' id='word_1_269' title='bbox 735 3774 822 3813; x_wconf 89' lang='lat' dir='ltr'>suam</span> <span class='ocrx_word' id='word_1_270' title='bbox 841 3755 1001 3814; x_wconf 91' lang='lat' dir='ltr'>nobiscum</span> <span class='ocrx_word' id='word_1_271' title='bbox 1021 3776 1092 3835; x_wconf 89' lang='lat' dir='ltr'>par-</span> 
     </span>
    </p>
   </div>
   <div class='ocr_carea' id='block_1_8' title="bbox 509 3940 667 3993">
    <p class='ocr_par' dir='ltr' id='par_1_10' title="bbox 509 3940 667 3993">
     <span class='ocr_line' id='line_1_36' title="bbox 509 3940 667 3993; baseline -0.006 0"><span class='ocrx_word' id='word_1_272' title='bbox 509 3940 667 3993; x_wconf 82' lang='lat'><strong>-153-</strong></span> 
     </span>
    </p>
   </div>
   <div class='ocr_carea' id='block_1_9' title="bbox 0 0 1332 4258">
    <p class='ocr_par' dir='ltr' id='par_1_11' title="bbox 0 0 1332 4258">
     <span class='ocr_line' id='line_1_37' title="bbox 0 0 1332 4258; baseline 0 1"><span class='ocrx_word' id='word_1_273' title='bbox 0 0 1332 4258; x_wconf 95' lang='lat' dir='ltr'> </span> 
     </span>
    </p>
   </div>
  </div>
 </body>
</html>
