2682 4258
229 149 312 206 419.
334 150 465 206 contre
485 149 541 206 les
559 147 703 205 fictions
723 149 789 204 des
808 147 946 234 poetes.

377 251 448 336 -(In
469 259 573 326 vatum
594 251 782 334 fallaciam.)

120 412 289 492 Principio,
313 433 351 472 ne
373 432 464 492 quem
486 413 588 492 capiat
609 410 729 470 fallacia
752 417 874 471 vatum:

124 511 209 568 Haec
231 516 279 568 est
300 509 465 570 mendosae
487 508 611 585 vulgata
634 508 758 567 licentia
780 507 890 568 famae.

123 607 255 665 Vatibus
277 606 434 684 ingenium
458 612 504 664 est
527 623 534 665 τ
558 605 630 664 hinc
652 605 739 664 audit
759 603 862 662 nobile
884 623 1019 664 carmen.

128 703 265 762 Plurima
287 723 356 782 pars
379 723 505 764 scaenae
526 723 562 760 ac
584 722 685 760 rerum
707 708 754 759 est
774 700 896 760 fallacia
919 717 926 761 τ
949 705 1037 764 vates

125 800 191 858 Sub
214 799 303 857 terris
325 799 431 876 nigros
453 799 593 857 luserunt
614 797 748 856 carmine
769 817 884 870 manee,

124 899 227 976 Atque
250 897 331 954 inter
351 897 469 955 cineres
491 896 572 955 Ditis
594 895 740 974 pallentia
761 889 865 971 regna,
935 935 961 949 ..

126 994 252 1052 Mentiti
274 1000 361 1052 vates
382 993 505 1072 Stygias
527 992 686 1072 undasque
707 1009 880 1070 canesque;
972 1037 973 1042 κ

130 1091 170 1149 Hi
192 1091 305 1169 Tityon
327 1097 463 1148 stravere
484 1109 606 1148 novena
628 1089 660 1146 in
679 1089 789 1169 jugera
810 1086 957 1162 foedum,¹

125 1187 302 1246 Sollicitam
323 1187 404 1250 idem
425 1194 456 1245 tc
478 1187 604 1260 siccum,
628 1185 765 1259 Tantale,
789 1205 875 1257 cena,

130 1284 367 1363 Sollicitantque
393 1284 468 1355 siti;
491 1283 610 1355 Minos,
632 1289 762 1361 tuaque,
785 1282 894 1353 AEace,
919 1281 950 1340 in
972 1279 1090 1345 umbris

8 1437 9 1464 ,
125 1380 200 1439 Jura
225 1388 352 1450 canunt,
377 1379 519 1460 idemque
540 1386 645 1438 rotant
667 1379 782 1438 lxionis
804 1377 929 1451 orbem;

8 1467 9 1518 i
123 1477 279 1556 Quidquid
301 1485 332 1537 et
353 1484 400 1536 est
420 1477 512 1536 tellus
534 1475 601 1535 lalsi
624 1476 681 1534 sibi
703 1476 836 1548 conscia,
859 1481 988 1540 terrent.

125 1575 189 1633 Nec
211 1582 258 1646 tu,
282 1582 374 1648 terra,
397 1573 470 1644 satis
493 1592 501 1636 :
525 1573 722 1654 specula-ntur
743 1572 870 1642 numina
891 1571 1023 1650 divum,
1119 1645 1123 1656 ρ
1169 1603 1171 1610 1

8 1717 9 1740 ,
124 1672 187 1731 Nec
211 1678 354 1730 metuunt
375 1671 480 1730 oculos
502 1671 602 1730 alieno
624 1669 786 1728 admittere
802 1669 910 1730 caelo:
1061 1661 1063 1664 ⁵

124 1769 246 1826 Norunt
267 1765 345 1827 bella
368 1765 470 1839 deum,
494 1773 608 1826 norunt
629 1765 809 1826 abscondita
834 1764 922 1825 nobis

127 1863 291 1944 Conjugia,
315 1871 346 1923 et
367 1864 443 1923 salsa
465 1864 585 1944 quoties
607 1863 663 1922 sub
685 1855 817 1940 imagine
838 1867 946 1941 peccet

129 1957 249 2016 Taurus
270 1957 303 2014 in
325 1957 480 2036 Europen,
503 1956 534 2015 in
556 1956 669 2018 Ledam
691 1955 840 2014 candidus
862 1953 924 2014 ales

129 2053 286 2133 luppiter,
311 2061 345 2112 ut
366 2053 489 2112 Danaae
510 2053 664 2132 pretiosus
685 2051 809 2110 fluxerit
831 2050 938 2114 imber.

129 2149 241 2210 Debita
264 2149 450 2210 carminibus
471 2149 597 2209 libertas
619 2149 695 2221 ista;
719 2149 772 2206 sed
794 2147 893 2208 omnis
950 2191 955 2198 -

131 2248 166 2307 ln
187 2267 262 2306 vero
283 2247 360 2305 mihi
382 2267 466 2309 cura.

173 2493 258 2552 420.
277 2493 310 2551 11
328 2494 388 2550 est
406 2494 555 2552 neturel
574 2492 774 2549 d'edmlrer
792 2493 826 2549 le
845 2503 1012 2549 nouveeu

383 2581 504 2652 pluton
523 2592 592 2650 que
611 2582 646 2637 le
666 2582 797 2650 grand.

147 2684 316 2768 (Naturale
343 2692 390 2747 est
411 2685 511 2768 magis
534 2706 610 2746 nova
632 2706 728 2768 quam
750 2705 865 2767 magna
887 2681 1022 2764 mirari.)
1110 2765 1112 2771 Ι

132 2853 179 2912 lta
195 2851 361 2932 compositi
381 2874 487 2914 sumus
507 2859 542 2913 ut
563 2873 619 2912 nos
644 2852 835 2931 quotidiana,
858 2849 979 2910 etiamsi
995 2848 1089 2909 admi·
1117 2851 1157 2918 2·

88 2950 211 3009 ratione
226 2948 318 3028 digna
335 2957 417 3023 sunt,
434 2957 612 3010 transeant:
627 2957 734 3009 contra
749 2949 943 3007 minimarum
967 2965 1090 3027 quoque

91 3067 208 3120 rerum,
235 3047 261 3105 si
286 3046 427 3108 insolitae
459 3047 652 3127 prodierunt,
677 3045 887 3125 spectaculum
913 3043 1001 3102 dulce
1023 3043 1088 3107 fiat.

89 3144 151 3203 Hic
177 3144 282 3223 itaque
310 3151 415 3202 coetus
449 3151 612 3218 astrorum,
645 3142 756 3221 quibus
782 3140 923 3200 immensi
952 3138 1090 3219 corporis

88 3238 291 3319 pulchritudo
306 3239 516 3319 distinguitur,
533 3240 683 3321 populum
696 3260 756 3299 non
778 3244 949 3299 convocat:
973 3244 1005 3296 at
1019 3257 1089 3298 cum

86 3336 206 3417 aliquid
220 3357 259 3394 ex
273 3355 358 3396 more
373 3344 525 3415 mutatum
539 3343 595 3406 est,
610 3336 747 3395 omnium
761 3335 792 3392 in
809 3334 893 3393 caelo
908 3333 1013 3392 vultus
1030 3340 1089 3400 est.

85 3433 140 3494 Sol
169 3439 385 3512 spectatorem,
410 3433 470 3492 nisi
492 3433 614 3505 defecit,
633 3432 813 3491 nonhabet.
831 3431 929 3490 Nemo
947 3429 1090 3492 observat

85 3531 192 3589 lunam
209 3529 270 3588 nisi
286 3529 474 3589 laborantem
493 3548 499 3591 :
518 3538 593 3589 tunc
617 3529 707 3589 urbes
723 3528 927 3600 conclamant,
944 3534 1018 3586 tunc
1033 3546 1089 3606 pro

85 3648 118 3685 se
135 3627 268 3706 quisque
285 3627 502 3706 superstitione
514 3647 592 3686 vana
603 3627 746 3707 trepidat.
764 3624 886 3691 Quanto
902 3623 955 3684 illa
972 3624 1088 3704 majora

84 3731 169 3796 sunt,
191 3723 275 3804 quod
300 3724 345 3782 sol
370 3724 511 3799 totidem,
538 3731 570 3782 ut
593 3724 635 3782 ita
666 3723 777 3795 dicam,
796 3719 909 3799 gradus
930 3727 1005 3801 quot
1025 3720 1089 3780 dies

506 3933 538 3940 -
559 3902 608 3953 aoa
629 3931 688 3967 z
