2678 4250
416 156 548 196 vorauas
565 157 600 194 nr
617 137 794 196 cuarosrrrls.
815 169 849 180 -
864 155 899 194 aa
917 153 1071 194 cauendus
1106 187 1108 190 .
1132 209 1144 222 ⁶

325 269 363 328 Et
385 267 548 349 producit
550 287 606 327 acu
629 277 756 349 stuppas
778 287 884 326 umore
906 273 1059 342 carentes,

208 420 213 448 :
323 365 444 426 Excitat
466 372 496 424 et
516 365 632 425 crebris
653 364 850 452 languentem
873 363 1028 424 {latibus
1021 382 1134 448 ignem.

195 458 203 490 r
230 493 233 496 ·
322 461 458 523 Tandem
480 442 630 544 concepto
652 482 684 520 se
702 461 759 520 lux
780 460 899 540 fulgore
922 453 1065 542 recepit;¹

323 559 532 640 Oppositaque
554 579 645 618 manu
666 558 771 644 lumen
793 557 931 619 defendit
952 557 991 617 ab
1012 577 1097 630 aura,

323 657 364 715 Et
384 663 499 716 reserat
521 655 633 715 casulae
654 675 723 738 quae
745 655 886 740 pervidet
907 654 985 714 ostia
1008 653 1103 715 clavi

324 734 422 812 Fus'us¹
443 759 510 812 erat
529 760 618 812 terrae
638 752 787 812 frumenti
808 755 926 833 pauper
948 768 1091 824 acervus;

324 849 405 909 lliuc
427 849 490 908 sibi
506 849 660 930 depromit
680 856 832 929 quantum
854 869 997 908 mensura
1019 847 1145 948 patebat

323 947 397 1014 Quae
420 924 518 1030 bisin
540 953 667 1006 octonas
688 946 824 1005 excurrit
845 946 981 1026 pondere
1002 940 1137 1005 libr'as'.¹
1152 973 1168 1030 ¹'j

323 1045 397 1130 Inde
419 1050 484 1128 abit
504 1050 689 1132 adsistitque·
708 1051 819 1113 molae.

350 1247 456 1321 9227.-
476 1248 525 1302 Le
540 1245 670 1326 jerdtn
688 1247 773 1303 d’un
791 1258 939 1316 paysan
957 1243 1111 1303 romain.
1135 1315 1156 1322 Η

351 1363 353 1366 “
401 1348 550 1432 (Romani
568 1348 716 1437 agricolae
738 1351 847 1418 hortus
868 1348 1085 1433 describitur.)

177 1515 234 1574 Νι.
305 1508 422 1568 Hortus
443 1515 510 1569 erat
525 1507 654 1590 junctus
674 1509 796 1583 casulae,
820 1509 1056 1590 quemcvimina
1071 1527 1171 1592 pauca

305 1606 344 1664 Et
363 1606 481 1666 calamo
499 1605 642 1673 vrediviva
662 1606 722 1666 levi
745 1606 886 1666 munibat
906 1605 1037 1679 arundo,
1100 1649 1102 1656 .

304 1702 442 1781 Exiguus
463 1703 573 1785 spatio,
596 1703 689 1763 variis
710 1703 764 1763 sed
785 1703 894 1763 fertilis
916 1702 1032 1764 herbis.
1063 1719 1066 1724 ’

304 1795 420 1861 Nil'illi
441 1800 546 1860 deerat
567 1796 650 1882 qu'od
671 1801 815 1881 pauperis
837 1799 933 1880 exigit
955 1795 1057 1863 usus':
1106 1824 1111 1834 ¹

306 1896 463 1956 interdum
483 1897 621 1978 locuples
641 1918 658 1956 a
680 1918 813 1978 paupere
834 1897 923 1979 plura
945 1895 1084 1978 petebat.

305 1995 375 2053 Neo‘
390 2002 531 2074 sumptus
552 2001 618 2054 erat
637 1993 714 2053 illud
736 2015 827 2074 opus,
850 1995 902 2054 sed
924 1993 1028 2054 recula
1050 2012 1146 2054 curae.

218 2091 221 2100 “
304 2091 334 2150 Si
357 2089 481 2170 quando
503 2111 634 2151 vacuum
655 2090 759 2150 casula
780 2091 933 2171 pluviaeve
954 2091 1102 2150 tenebant
1165 2087 1168 2091 ’

311 2188 440 2249 Festave
461 2187 524 2262 lux,
548 2187 574 2247 si
595 2186 676 2248 forte
698 2186 786 2247 labor
805 2187 945 2260 cessabat
960 2187 1066 2259 aratri,
1094 2228 1096 2234 ,
1123 2184 1126 2208 ³
1149 2233 1151 2238 .

306 2284 397 2344 Horti
418 2305 497 2364 opus
510 2283 595 2344 illud
615 2292 691 2346 erat.
714 2285 822 2344 Varias
843 2283 1006 2365 disponere
1027 2283 1149 2364 plantas

305 2380 402 2440 Norat
422 2387 454 2440 et
474 2381 604 2442 occultae
626 2382 819 2441 committere
841 2381 957 2442 semina
979 2389 1070 2441 terrae
1164 2424 1166 2432 ·

304 2476 492 2557 Vicinosque
533 2484 604 2558 apta
624 2498 698 2538 cura
720 2478 850 2539 submitt
838 2485 902 2537 tere
923 2479 1017 2539 rivos

306 2573 364 2632 Hic
385 2574 463 2655 olus,
486 2573 537 2634 hic
557 2574 618 2636 late
638 2575 804 2635 fundentes
826 2574 968 2636 bracchia
985 2574 1069 2635 betae

210 2689 213 2694 ¹
306 2644 529 2753 Fecundusque
550 2693 658 2732 rumex
679 2672 851 2753 malvaeque
872 2671 1026 2752 inulaeque
1036 2645 1203 2748 virebant,

306 2767 409 2828 Hie
385 2779 462 2828 srser
482 2776 514 2829 et
533 2788 646 2828 nomen
668 2769 762 2849 capiti
784 2768 928 2829 debentia
950 2788 1054 2850 porra,

189 2889 210 2908 -“
306 2865 365 2925 Hie
385 2864 477 2925 etiam
499 2885 633 2926 nocuum
654 2865 749 2947 capiti
770 2865 968 2946 gelidumque
989 2883 1135 2946 papaver,
1158 2870 1169 2926 '.

304 2960 462 3042 Graiaque
483 2962 633 3022 nobilium
654 2963 776 3044 requies
796 2963 916 3022 lactuca
937 2961 1089 3035 ciborum,

305 3059 343 3118 Et
363 3059 466 3137 gravis
486 3057 518 3118 in
538 3058 636 3120 latum
653 3060 777 3119 dimissa
799 3058 959 3120 cucurbita
979 3064 1131 3120 ventrem.

304 3155 419 3215 verum
440 3155 490 3217 hio
511 3176 574 3217 non
599 3156 716 3216 domini
738 3157 819 3238 (qus
841 3154 923 3216 enim
944 3155 1133 3216 contractior
1155 3155 1211 3214 1110
1223 3156 1253 3234 a)
1277 3159 1283 3170 ·

304 3252 364 3311 Sed
385 3250 492 3333 populi
512 3261 683 3335 proventus
704 3261 780 3328 erat,
805 3253 956 3334 nouisque
977 3251 1086 3312 diebus

304 3349 434 3410 Venales
455 3370 562 3411 umero
582 3350 681 3412 fasces
701 3350 846 3432 portabat
865 3351 899 3410 in
921 3349 1041 3410 urbem.
1123 3373 1130 3394 ι

306 3445 381 3506 ln'de
401 3444 528 3507 domum
548 3448 670 3509 cervice
689 3446 779 3522 levis,
804 3447 907 3528 gravis
928 3467 989 3508 aere
1009 3444 1140 3519 redibat,

305 3541 365 3600 Vix
386 3564 533 3622 umquam
553 3543 663 3606 urbani
684 3546 851 3607 comitatus
873 3565 973 3604 merce
994 3543 1115 3604 macelli
1136 3561 1144 3606 ε
1321 3617 1322 3626 ἦ

307 3636 390 3718 Cepa
411 3640 523 3699 rubens
542 3641 683 3723 sectique
702 3639 817 3701 famem
838 3644 944 3702 domat
967 3661 1038 3701 area
1058 3640 1143 3722 porri

305 3733 442 3816 Quaeque
464 3735 590 3796 trahunt
611 3738 673 3797 acri
694 3738 800 3798 vultus
822 3739 971 3816 nasturtia
993 3757 1109 3798 morsu.
1164 3793 1170 3798 .

670 3929 708 3960 .-,
728 3898 779 3974 ue
798 3929 832 3960 -.
