2656 4258
425 175 556 214 VOYAGES
572 177 607 213 ET
626 159 802 214 cumosmds.
819 191 859 200 -
872 176 908 214 LA
924 176 1078 214 caurauni!

355 419 439 478 201.
476 422 548 478 Les
588 433 755 490 voyages
787 422 884 479 dans
920 405 1130 491 l’ndtiqutte

466 568 524 648 (De
551 567 718 630 itineribus
746 567 831 651 apud
861 568 1032 652 antiquos.)

249 905 375 963 Divitiis
398 905 558 965 hominum
580 914 633 965 aut
655 906 749 964 sacris
771 905 967 964 memoranda
989 905 1121 964 vetustis

249 1000 394 1060 Traducti
416 1003 511 1061 maria
533 1003 676 1064 extremis
699 1022 753 1081 per
773 1003 912 1082 proxima
934 1003 1005 1060 satis

250 1097 421 1171 Currimu5‚
445 1106 537 1177 atque
558 1099 640 1158 avidi
662 1100 774 1158 veteris
796 1099 954 1158 mendacia
976 1099 1066 1158 famae

250 1194 403 1267 Eruimus,
428 1204 616 1274 cunctasque
637 1196 712 1256 libet
733 1216 910 1275 percurrere
932 1202 1048 1274 gentes.

154 1367 163 1386 ο
249 1291 340 1350 Nunc
357 1291 447 1372 juvat
469 1292 594 1371 Ogygiis
616 1292 805 1351 circumdata
827 1292 940 1352 moenia
961 1291 1073 1350 Thebis

198 1462 200 1467 ,
248 1387 393 1460 Cernere,
416 1408 485 1467 quae
507 1388 626 1462 tratres,
650 1388 700 1448 ilie
722 1390 862 1468 impiger,
881 1392 938 1448 iste
957 1408 1098 1459 canorus,

251 1485 405 1543 invitante
427 1485 494 1544 ausi
515 1495 587 1544 sunt
608 1487 741 1544 carmine
764 1507 833 1545 saxa
854 1484 982 1566 lyraque

248 1579 401 1653 Condere,
424 1581 590 1662 felicesque
611 1583 711 1652 alieno
733 1584 921 1641 intersumus
943 1600 1024 1654 aevo;

249 1677 340 1736 Nunc
361 1679 480 1757 gemina
503 1700 539 1738 ex
562 1700 623 1738 uno
647 1679 795 1738 fumantia
817 1699 902 1738 sacra
923 1699 1037 1758 vapore

249 1774 409 1841 Miramur,
421 1783 601 1856 septemque
622 1776 919 1856 duces,raptumque
940 1774 1106 1854 profundo

249 1870 376 1930 Detinet
398 1873 528 1931 Eurotas
551 1873 613 1932 illic
634 1880 664 1931 et
685 1872 795 1952 Sparta
817 1873 959 1952 Lycurgi,

249 1967 287 2026 Et
309 1989 393 2027 sacer
414 1969 444 2027 in
467 1970 578 2031 bellum
602 1989 756 2041 numerus
780 1991 834 2028 sua
855 1969 946 2028 turba
967 1968 1097 2048 regenti.

249 2063 339 2123 Nune
360 2065 409 2123 hic
431 2066 562 2125 claratae
586 2067 676 2126 variis
698 2074 878 2145 spectantur
899 2066 1030 2124 Athenae
1122 2064 1124 2072 ’

247 2161 455 2233 Carminibus
478 2162 675 2243 gaudentque
697 2184 750 2221 sua
773 2163 898 2222 victrice
918 2162 1069 2222 Minerva.

248 2257 398 2316 Miramur
418 2259 518 2338 Trojae
540 2260 658 2318 cineres
679 2266 710 2318 et
731 2260 831 2319 ssebile
853 2260 944 2318 victis

249 2354 429 2433 Pergamon,
453 2357 682 2436 exstinctosque
708 2377 764 2415 suo
786 2356 923 2435 Phrygas
945 2357 1095 2428 Hectore;
1119 2375 1276 2434 parvum

247 2450 463 2529 Conspicimus
485 2454 586 2531 magni
607 2453 761 2513 tumulum
782 2453 885 2525 ducis3
908 2452 959 2510 hic
981 2461 1012 2511 et
1033 2447 1172 2512 ¹Achilles

249 2547 383 2626 Impiger
403 2557 434 2608 et
455 2550 555 2609 victus
576 2551 678 2629 magni
695 2550 780 2629 jacet
802 2548 945 2608 Hectoris
967 2549 1060 2609 ultor.

248 2642 329 2710 Quin
351 2646 443 2704 etiam
466 2646 566 2706 Graiae
589 2647 665 2705 fixos
687 2655 815 2706 tenuere
836 2646 958 2705 tabellae

248 2737 405 2819 Signave:
429 2765 510 2802 nunc
532 2744 656 2823 Paphiae
676 2749 817 2803 rorantes
840 2750 904 2802 arte
926 2741 1040 2822 capilli,

248 2838 312 2897 Sub
333 2847 419 2899 truce
441 2861 523 2899 nunc
544 2841 632 2921 parvi
653 2840 794 2899 ludentes
812 2840 960 2899 Colchide
981 2838 1056 2913 nati,

248 2937 338 2995 Nunc
358 2938 462 2996 tristes
483 2938 564 2996 cirea
590 2938 736 3017 subjeetae
758 2937 866 2996 altaria
887 2958 997 3009 cervae,

247 3032 437 3112 Velatusque
459 3041 555 3112 pater,
580 3055 663 3092 nnnc
678 3035 775 3112 gloria
796 3035 868 3092 viva
890 3033 1041 3113 Myronis

249 3130 323 3188 Haec
344 3129 472 3189 visenda
492 3137 583 3209 putas
605 3139 694 3190 terrae
716 3131 889 3210 dubiusque
913 3131 1082 3209 marisque;

247 3227 382 3285 Artificis
404 3234 522 3285 naturae
543 3227 650 3305 ingens
671 3249 749 3307 opus
771 3227 894 3305 adspice
917 3247 924 3288 z
948 3226 1031 3284 nulla

247 3321 293 3380 Tu
314 3330 400 3383 tanta
422 3324 564 3382 humanis
589 3324 680 3383 rebus
702 3323 877 3405 spectacula
898 3342 1015 3382 cernes.

184 797 238 853 ml*
249 806 429 885 Magnificas
450 808 535 868 aulas
556 829 747 889 operosaque
768 809 867 867 visere
889 808 1003 887 templa
1083 797 1085 804 ¹
