2670 4252
275 179 336 234 47.
358 177 406 232 Le
425 177 568 234 travail
590 178 634 232 de
654 175 693 232 la
712 176 930 233 correction.

391 279 501 362 (Limae
525 279 664 340 laboret
686 281 798 360 mora.)

137 439 321 498 Emendatio
367 459 437 518 pars
474 438 649 498 studiorum
691 437 783 516 longe
825 437 987 497 utilissima
1035 443 1099 507 est3
1129 432 1176 495 2·ι

99 555 202 615 neque
230 537 311 594 enim
329 535 395 594 sine
418 555 510 594 causa
534 535 684 594 creditum
712 543 758 593 est
784 534 887 593 stilum
912 554 974 592 non
999 533 1100 590 minus

93 653 199 710 agere,
232 653 302 692 cum
339 632 431 692 delet.
468 633 569 709 Hujus
607 638 708 690 autem
749 631 850 709 operis
880 638 927 689 est
956 629 1100 710 adjicere,

95 729 272 800 detrahere,
291 735 425 800 mutare;
445 728 498 786 sed
517 728 636 786 facilius
659 728 689 785 in
710 727 747 785 iis
767 727 997 806 simpliciusque
1016 725 1102 805 judi-

95 825 180 883 cium
206 845 276 905 quae
302 826 447 904 replenda
476 825 524 883 vel
549 823 722 904 dejicienda
751 831 840 896 sunt;
869 843 1006 902 premere
1027 843 1102 882 vero

94 923 262 992 tumentia,
277 921 402 979 humilia
419 920 575 988 extollere,
588 920 776 979 luxuriantia
789 902 969 996 astringere,
988 918 1102 978 inordi-

95 1023 170 1076 nata
198 1017 347 1094 digerere,
374 1016 474 1076 soluta
501 1037 699 1095 componere,
732 1016 918 1076 exsultantia
948 1035 1099 1084 coercere,

94 1112 231 1194 duplicis
251 1133 367 1192 opcrae;
387 1134 457 1172 nam
479 1119 510 1171 et
531 1112 706 1172 damnanda
727 1121 799 1172 sunt
818 1134 887 1192 quae
910 1114 1099 1192 placuerant,

95 1216 129 1270 et
155 1210 342 1270 invenienda
368 1231 436 1289 quae
459 1211 610 1288 fugerant.
639 1211 702 1268 Nec
729 1209 856 1268 dubium
882 1216 928 1268 est
950 1210 1100 1289 optimum

96 1327 164 1366 esse
178 1306 363 1366 emendandi
380 1328 487 1383 genus,
507 1307 531 1364 si
551 1307 664 1385 scripta
682 1306 714 1364 in
732 1306 857 1385 aliquod
876 1313 997 1386 tempus
1014 1325 1103 1385 repo-

96 1410 224 1476 nantur,
238 1411 271 1465 ut
285 1403 322 1461 ad
336 1424 371 1462 ca
385 1410 454 1482 post
466 1403 673 1472 intervallum,
684 1403 770 1462 velut
788 1422 868 1462 nova
883 1411 975 1483 atque
991 1403 1100 1472 aliena,

98 1500 273 1566 redeamus.
306 1500 366 1558 Sed
396 1521 495 1578 neque
523 1500 582 1558 hoc
616 1501 796 1576 contingere
830 1521 968 1579 semper1
987 1507 1100 1579 potest,
1156 1557 1160 1570 ,

99 1596 271 1675 praesertim
296 1597 421 1666 oratori,
445 1597 495 1655 cui
511 1597 623 1676 saepius
641 1597 773 1655 scribere
792 1597 830 1655 ad
848 1605 1015 1676 praesentes
1030 1618 1103 1656 usus

100 1713 225 1752 necesse
242 1702 305 1770 est3
326 1701 356 1752 et
373 1693 547 1752 emendatio
566 1694 632 1772 ipsa
656 1693 747 1752 finem
773 1693 893 1752 habeat.
923 1694 1002 1752 Sunt
1021 1694 1101 1752 enim

99 1790 152 1870 qui
171 1791 210 1849 ad
229 1791 332 1849 omnia
350 1791 475 1868 scripta,
495 1797 650 1868 tamquam
669 1790 791 1861 vitiosa,
811 1789 948 1859 redeant,
967 1797 998 1848 et
1015 1791 1102 1869 quasi

100 1887 177 1946 nihil
190 1887 238 1946 fas
255 1887 296 1945 sit
314 1895 429 1945 rectum
449 1886 613 1965 essequod
635 1887 767 1965 primum
786 1893 842 1954 est,
868 1886 976 1944 melius
998 1887 1103 1945 existi-

102 1992 186 2042 ment
203 1983 356 2063 quidquid
379 1991 424 2041 est
443 1982 536 2052 aliud,
557 1983 649 2063 idque
673 1983 787 2041 saciant
803 1982 925 2061 quoties
942 1983 1051 2042 librum
1071 1983 1101 2040 in

102 2100 210 2138 manus
227 2086 469 2160 resumpserunt,
483 2079 596 2138 similes
611 2079 738 2138 medicis
755 2079 845 2138 etiam
864 2078 980 2156 integra
999 2099 1103 2138 secan-

104 2177 195 2235 tibus.
215 2176 338 2236 Accidit
353 2176 458 2256 itaque
483 2183 517 2234 ut
540 2176 720 2235 cicatricosa
744 2176 807 2234 sint
829 2183 862 2235 et
883 2176 1049 2255 exsanguia
1073 2184 1103 2235 et

103 2293 173 2333 cura
192 2275 308 2352 pejora.
332 2275 379 2332 Sit
404 2295 477 2352 ergo
497 2275 663 2357 aliquando
687 2277 772 2356 quod
794 2277 923 2356 placeat,
948 2287 1002 2340 aut
1021 2288 1105 2339 certe

103 2371 183 2447 quod
199 2372 342 2442 sufficiat,
359 2378 395 2430 ut
409 2392 486 2452 opus
502 2374 600 2453 poliat
615 2373 698 2445 lima,
713 2393 774 2432 non
791 2381 918 2438 exterat.
1001 2381 1004 2390 ‘

206 2607 375 2665 48.11ne
397 2607 480 2664 faut
500 2619 571 2675 pas
589 2606 734 2664 vouloir
752 2605 850 2664 fatre
877 2567 1010 2663 mteux¹

447 2697 553 2764 qu’on
572 2707 616 2751 ne
640 2696 737 2764 peut.

347 2798 534 2882 (Dicendum
552 2806 596 2859 est
616 2820 677 2882 pro
698 2798 873 2879 facultate.)

146 2958 221 3018 Sunt
237 2959 350 3038 quibus
368 2957 444 3016 nihil
465 2958 504 3016 sit
522 2958 596 3016 satis
608 2978 615 3029 ;
629 2958 731 3016 omnia
750 2965 880 3027 mutare,
895 2958 998 3017 omnia
1016 2959 1105 3018 aliter
1131 2969 1169 3032 2⁰

113 3052 218 3128 dicere,
246 3076 338 3134 quam
362 3055 508 3126 occurrit,
532 3054 645 3126 velint;
671 3054 822 3113 increduli
847 3043 985 3134 quidam,
1013 3063 1043 3113 et
1067 3055 1104 3114 de

114 3148 231 3228 ingenio
260 3141 318 3211 suo
352 3152 482 3231 pessime
521 3151 633 3222 meriti,
669 3152 720 3230 qui
755 3151 947 3228 diligentiam
981 3157 1101 3230 putant,

34 3299 37 3328 ,Ι
114 3244 208 3306 iacere
240 3247 297 3306 sibi
331 3248 485 3306 scribendi
507 3247 730 3307 difficultatem.
755 3249 818 3306 Nec
847 3255 1024 3326 promptum
1059 3258 1102 3307 est

113 3341 207 3402 dicere
233 3352 318 3404 utros
341 3365 468 3423 peccare
489 3344 622 3402 validius
646 3345 762 3422 putem,
790 3344 901 3422 quibus
926 3344 1029 3403 omnia
1050 3365 1104 3404 sua

114 3437 237 3514 placent,
269 3462 307 3500 an
333 3440 444 3521 quibus
463 3440 550 3500 nihil.
571 3440 695 3499 Accidit
714 3440 796 3498 enim
819 3441 911 3498 etiam
936 3440 1103 3517 ingeniosis

114 3532 352 3596 adulescentibus
376 3537 553 3616 frequenter
578 3544 614 3596 ut
638 3537 742 3595 labore
768 3543 990 3596 consumantur
1015 3545 1047 3598 et
1071 3537 1102 3598 in

115 3629 259 3692 silentium
285 3655 381 3714 usque
404 3634 592 3693 descendant
609 3633 703 3692 nimia
734 3633 811 3692 bene
840 3634 961 3693 dicendi
986 3635 1103 3713 cupidi-

116 3731 185 3788 tate.
207 3731 268 3798 Qua
284 3732 322 3791 de
342 3751 374 3790 re
393 3731 519 3790 memini
537 3751 675 3790 narrasse
692 3730 768 3788 mihi
791 3731 907 3789 lulium
928 3731 1100 3788 Secundum

194 3836 231 3876 Via
238 3838 315 3889 petrea
325 3836 363 3878 des
375 3835 492 3887 Romulos.
1011 3835 1023 3873 3

531 3945 565 3954 ..
585 3915 617 3968 33
637 3945 670 3955 -
