2682 4258
492 271 528 310 uu
549 271 596 316 ,vus
606 255 718 328 ,anives
738 269 790 306 oss
811 267 937 306 nonnius

272 755 358 813 391.
377 757 449 812 Les
470 729 590 836 osooles
610 755 655 810 de
674 751 848 841 rheteure
868 752 981 821 apres
999 747 1160 808 ciceron.

284 973 414 1054 (Quales
435 974 558 1054 suerint
578 974 737 1034 rhetorum
757 972 881 1046 scholae,
900 977 974 1054 post
994 966 1154 1032 Ciceronis

639 1071 800 1152 tempora.)

155 1382 212 1438 mr.
263 1380 328 1458 Ego
342 1380 588 1441 adulescentulos
601 1381 742 1440 existimo
757 1381 789 1439 in
800 1381 958 1439 rhetorum
973 1377 1087 1438 scholis
1102 1375 1221 1436 stultis·

221 1476 315 1536 simos
337 1478 413 1551 fieri,
439 1479 510 1558 quia
537 1479 613 1536 nihil
641 1478 738 1538 exiis
761 1499 830 1558 quae
857 1477 888 1536 in
911 1498 968 1535 usu
991 1475 1140 1534 habemus
1166 1481 1221 1532 aut

219 1574 353 1632 audiunt
379 1581 433 1633 aut
462 1575 580 1648 vident,
607 1573 659 1634 sed
690 1575 805 1655 piratas
835 1594 905 1632 cum
929 1573 1045 1632 catenis
1073 1571 1104 1630 in
1129 1571 1220 1630 litore

220 1677 348 1743 stantes,
371 1672 423 1730 sed
449 1678 597 1750 tyrannos
618 1671 718 1730 edicta
742 1671 909 1730 scribentes
934 1670 1045 1750 quibus
1067 1669 1221 1747 imperent

220 1767 292 1824 liliis
305 1773 339 1825 ut
353 1775 475 1847 patrum
493 1788 618 1825 suorum
640 1768 741 1847 capita
758 1765 938 1846 praecidant,
956 1765 1008 1823 sed
1024 1758 1171 1843 responsa
1189 1763 1221 1820 in

220 1863 427 1942 pestilentiam
443 1864 513 1923 data
528 1873 563 1924 ut
578 1864 713 1942 virgines
733 1871 794 1921 tres
813 1871 867 1922 aut
889 1863 992 1942 plures
1008 1861 1219 1931 immolentur,

219 1960 273 2018 sed
292 1961 425 2019 mellitos
448 1960 613 2019 verborum
633 1960 785 2038 globuloS,
805 1968 836 2018 et
855 1960 958 2018 omnia
979 1956 1060 2018 dicta
1077 1956 1221 2036 factaque

219 2057 309 2137 quasi
326 2076 480 2137 papavere
498 2065 528 2116 et
544 2078 661 2120 sesamo
682 2077 797 2135 sparsa.
815 2056 872 2122 Qui
893 2056 973 2113 inter
992 2054 1058 2112 haec
1077 2053 1222 2112 nutriun-

219 2162 273 2213 tur
303 2174 366 2214 non
396 2155 494 2231 magis
514 2175 621 2234 sapere
643 2159 773 2232 possunt
796 2173 889 2232 quam
911 2152 988 2212 bene
1010 2151 1092 2210 olere
1112 2150 1167 2230 qui
1190 2149 1221 2206 in

152 2303 155 2311 ,
215 2249 319 2308 culina
361 2247 512 2308 habitant.
554 2247 717 2306 Minimum
764 2256 867 2306 tamen
911 2249 943 2306 in
984 2248 1031 2305 his
1070 2249 1221 2308 exercita-

215 2443 440 2504 insanientibus
459 2446 572 2505 furere.
599 2448 675 2505 Nam
696 2448 726 2506 ni
748 2448 882 2506 dixerint
903 2467 971 2528 quae
993 2443 1218 2507 adulescentuli

215 2540 361 2619 probent,
386 2549 421 2600 ut
442 2543 486 2602 ait
509 2543 629 2612 Cicero,
650 2569 661 2598 a
688 2544 744 2603 soli
768 2545 800 2603 in
820 2544 933 2604 scholis
953 2545 1216 2624 relinquentur».

215 2637 294 2714 Quid
310 2659 383 2716 ergo
411 2640 484 2698 est?
511 2640 656 2700 Parentes
680 2641 896 2720 objurgatione
927 2640 1012 2718 digni
1046 2649 1128 2715 sunt,
1164 2641 1217 2721 qui

216 2734 326 2794 nolunt
349 2735 461 2795 liberos
479 2757 550 2796 suos
568 2759 671 2797 severa
696 2739 762 2814 lege
781 2739 941 2817 proficere.
964 2738 1100 2797 Primum
1121 2739 1215 2805 enim,

215 2833 295 2890 sicut
313 2833 427 2906 omnia,
445 2854 513 2913 spes
532 2856 655 2914 quoque
675 2857 745 2894 suas
765 2835 925 2894 ambitioni
940 2836 1075 2910 donant;
1091 2832 1216 2906 deinde,

214 2949 285 2987 cum
310 2929 347 2988 ad
372 2937 443 2988 vota
470 2938 647 3010 properant,
676 2932 770 2990 cruda
798 2931 899 2991 adhuc
927 2932 1029 2991 studia
1055 2933 1087 2990 iu
1114 2931 1216 2992 lorum

215 3025 388 3105 impellunt,
407 3032 439 3084 et
453 3026 670 3106 eloquentiam,
688 3049 748 3108 qua
770 3018 847 3086 nihil
864 3050 930 3087 esse
951 3029 1050 3109 majus
1065 3030 1218 3089 confiten-

214 3129 276 3193 tur,
292 3123 395 3202 pueris
406 3123 540 3182 induunt
558 3125 658 3183 adhuc
675 3125 883 3184 nascentibus
904 3125 1020 3193 Quodsi
1036 3133 1219 3205 paterentur

214 3218 354 3276 laborum
375 3219 487 3298 gradus
507 3220 583 3292 fieri,
608 3229 642 3282 ut
661 3222 792 3280 studiosi
809 3222 941 3302 juvenes
964 3223 1095 3282 lectione
1111 3244 1218 3283 severa

215 3315 442 3392 mitigarentur,
467 3317 508 3377 >ut
531 3319 689 3398 sapientiae
711 3319 874 3398 praeceptis
903 3320 1021 3378 animos
1050 3341 1218 3401 compone-

214 3419 295 3481 rent,
313 3419 348 3470 ut
365 3413 457 3472 verba
476 3415 573 3472 atroci
590 3415 661 3473 stilo
677 3416 855 3487 effoderent,
873 3423 907 3474 ut
922 3417 1004 3496 quod
1020 3417 1135 3476 vellent
1147 3417 1217 3477 imi-

213 3507 273 3566 tari
290 3506 342 3567 diu
358 3509 510 3583 audirent,
529 3517 563 3569 ut
573 3511 631 3568 sibi
645 3510 721 3569 nihil
737 3518 818 3570 esset
832 3513 1029 3590 magnificum
1045 3513 1128 3592 quod
1143 3535 1218 3594 pue·

214 3606 258 3662 ris
288 3605 444 3684 placeret:
470 3607 535 3686 jam
556 3607 608 3670 illa
626 3607 750 3686 grandis
774 3609 872 3668 oratio
899 3610 1025 3668 haberet
1048 3611 1217 3690 majestatis

214 3721 279 3759 suae
295 3701 427 3780 pondus.
691 3707 693 3710 ’

638 3931 683 3946 -
693 3905 792 3957 280&-
808 3935 819 3938 --

1321 1917 1322 1970 l

214 2345 352 2404 tionibus
386 2344 527 2403 doctores
564 2352 703 2424 peccant,
745 2344 797 2425 qui
835 2365 959 2403 necesse
994 2345 1110 2404 habent
1148 2365 1219 2404 cum

1321 2813 1322 2866 l
