2656 4258
436 105 516 170 112.
537 109 587 162 De
607 105 769 163 l’amitie.

482 227 540 307 (De
561 227 724 309 amicitia.)

137 383 198 451 Qui
217 392 322 464 potest
339 407 404 444 esse
425 385 488 446 vita
504 385 620 458 vitalis,
638 393 673 445 ut
688 388 732 447 ait
748 388 875 462 EnniuS,
893 409 974 470 quae
989 409 1053 448 non
1069 387 1102 446 in
1127 385 1168 448 3⁹

97 481 188 540 amici
201 490 310 545 mutua
319 483 537 542 benevolentia
552 485 767 563 conquiescat?
780 485 862 552 Quid
873 484 995 544 dulcius
1009 505 1102 565 quam
1229 526 1237 554 ,
1267 528 1280 552 ,,

4 583 5 588 ’
97 577 211 637 habere
222 580 350 658 quicum
360 579 463 638 omnia
471 580 584 638 audeas
594 581 639 639 sic
647 581 744 661 loqui,
754 590 789 640 ut
801 587 904 640 tecum
914 582 1013 649 lQuis
1022 589 1102 642 esset

96 679 210 742 tantus
224 677 345 735 fructus
367 677 399 734 in
422 677 578 756 prosperis
597 678 699 750 rebus,
724 679 782 736 nisi
802 678 929 738 haberes
950 679 1003 759 qui
1027 679 1098 750 illis,

4 811 5 854 ,
96 792 185 850 aeque
212 793 247 831 ac
266 780 301 832 tu
320 773 397 853 ipse,
421 772 592 851 gauderet?
610 773 763 833 Adversas
784 795 857 833 vero
877 776 956 834 serre
978 775 1102 855 difficile

4 855 5 908 l
96 875 178 926 esset
205 869 272 928 sine
302 890 339 928 eo
363 870 417 949 qui
443 870 511 928 illas
536 872 660 948 gravius
684 873 776 930 etiam
803 893 895 951 quam
920 879 956 930 tu
982 873 1101 930 ferret?

4 965 6 992 ¹
97 966 240 1045 Denique
254 974 364 1026 ceterae
379 987 427 1024 res
443 988 521 1047 quae
534 962 732 1046 expetuntur,
750 977 936 1047 opportunae
950 976 1022 1027 sunt
1039 969 1102 1026 sin-

95 1061 176 1138 gulae
186 1062 279 1124 rebus
290 1064 353 1122 fere
364 1063 492 1141 singulis
506 1083 513 1136 ;
527 1064 653 1138 divitiae,
667 1072 701 1123 ut
712 1071 798 1124 utare
814 1083 821 1124 τ
833 1085 917 1144 opes,
930 1071 966 1123 ut
978 1065 1078 1123 colare
1091 1083 1098 1124 ε

4 1185 6 1240 3
95 1159 240 1232 honoreS,
255 1167 291 1218 ut
302 1160 447 1219 laudere:
463 1160 651 1239 voluptateS,
670 1168 705 1220 ut
720 1161 854 1238 'gaudeas
871 1180 877 1221 :
892 1161 1049 1234 valetudo,
1066 1168 1101 1219 ut

4 1285 6 1306 2
95 1255 203 1314 dolore
216 1277 320 1316 careas
336 1265 367 1316 et
381 1258 562 1317 muneribus
580 1259 708 1334 lungare
723 1259 872 1337 corporis
890 1258 1036 1317 Amicitia
1052 1278 1100 1316 res

4 1391 6 1426 4
94 1353 245 1431 plurimas
257 1353 398 1412 continet
415 1372 421 1413 :
445 1374 571 1434 quoquo
588 1360 618 1411 te
632 1354 772 1425 verteris,
789 1362 912 1434 praesto
929 1362 990 1427 est;
1014 1355 1100 1413 nullo

5 1449 6 1500 l
93 1449 164 1509 loco
174 1449 365 1519 excluditur;
378 1469 545 1529 numquam
557 1451 783 1529 intempestiva,
794 1471 962 1531 numquam
971 1451 1100 1510 molesta

93 1554 152 1606 est.
181 1547 291 1626 ltaque
310 1566 374 1604 non
393 1567 482 1626 aqua,
500 1568 562 1606 non
582 1547 657 1625 igni,
684 1554 719 1606 ut
735 1547 832 1620 aiunt,
856 1547 997 1627 pluribus
1023 1547 1100 1606 locis

4 1661 6 1716 j
94 1644 215 1702 utimur
227 1663 320 1722 quam
333 1643 480 1702 amicitia.
502 1643 609 1723 Neque
625 1664 681 1721 ego
699 1665 781 1703 nune
803 1643 841 1702 de
860 1644 981 1722 vulgari
991 1652 1045 1703 aut
1061 1643 1099 1702 de

4 1759 5 1808 ᾗ
92 1739 254 1812 mediocri,
274 1760 344 1820 quae
361 1747 465 1798 tamen
484 1740 551 1820 ipsa
571 1747 601 1799 et
620 1739 756 1800 delectat
779 1748 809 1799 et
828 1740 965 1820 prodest,
986 1741 1042 1802 ¹sed
1062 1741 1099 1800 de

93 1857 167 1896 vera
180 1844 212 1895 et
226 1837 364 1916 perfecta
381 1837 502 1917 loquor,
516 1837 617 1917 qualis
633 1859 749 1909 eorum,
762 1837 815 1916 qui
828 1838 919 1917 pauci
936 1838 1100 1896 nominan-

91 1943 155 2007 tur,
170 1934 241 1992 suit.
260 1933 338 1992 Nam
352 1941 383 1992 et
398 1933 548 1992 secundas
561 1955 608 1992 res
622 1933 845 2013 splendidiores
861 1933 936 1994 facit
950 1934 1096 2008 amicitia,

91 2037 122 2088 et
139 2030 298 2101 adversae,
318 2031 456 2110 partiens
476 2031 780 2111 communicansque,
798 2031 940 2090 leviores.
960 2031 1062 2089 Solem
1082 2052 1098 2090 e

5 2119 6 2152 ³
90 2127 212 2186 mundo
227 2127 338 2186 tollere
352 2127 499 2186 videntur
513 2127 567 2208 qui
585 2127 752 2186 amicitiam
768 2149 784 2186 e
803 2128 868 2186 vita
881 2127 997 2187 tollunt
1013 2145 1020 2188 :
1037 2148 1099 2208 qua

90 2223 170 2283 nihil
185 2245 204 2284 a
218 2223 267 2282 dis
281 2223 510 2307 immortalibus
525 2224 634 2283 melius
652 2224 811 2297 habemus
829 2224 906 2284 nihil
915 2224 1095 2306 jucundius.

320 2497 401 2554 113.
422 2497 534 2555 Ovide
555 2497 579 2554 a
597 2509 645 2553 un
665 2497 738 2554 ami
757 2498 874 2554 fidele.

299 2618 445 2699 (Ovidius
466 2619 531 2701 sido
551 2619 652 2679 amico
673 2627 777 2703 grates
799 2619 892 2703 agit.)

6 2820 12 2833 ·
109 2789 157 2848 θ
179 2785 256 2846 mihi
278 2793 349 2866 post
371 2775 449 2846 ullos
472 2809 641 2867 numquam
663 2788 861 2847 memorande
884 2788 1015 2863 sodaleS,
1121 2787 1164 2850 3ο

172 2885 197 2944 Ο
220 2884 270 2944 cui
292 2883 457 2964 praecipue
479 2905 545 2944 sors
567 2906 635 2944 mea
656 2885 721 2944 visa
743 2907 797 2944 sua
820 2888 885 2944 est!

127 2981 309 3042 Attonitum
331 2979 384 3061 qui
406 3002 466 3050 me,
489 2981 627 3055 memini,
651 2982 816 3056 carissime,
841 2981 958 3062 primus

171 3081 276 3137 Ausus
298 3098 329 3138 es
351 3077 496 3158 adloquio
519 3078 700 3138 sustinuisse
722 3087 787 3150 tun,

128 3175 190 3242 Qui
212 3175 288 3234 mihi
311 3175 474 3234 consilium
502 3175 629 3234 vivendi
651 3176 725 3234 mite
747 3177 870 3250 dedisti,

172 3271 252 3331 Cum
273 3261 354 3331 foret
375 3272 407 3330 in
428 3271 540 3331 misero
562 3279 687 3354 pectore
708 3274 816 3332 mortis
838 3291 949 3336 amor:

130 3369 219 3428 Haec
239 3367 315 3427 mihi
338 3389 458 3449 semper
479 3377 570 3428 erunt
592 3369 660 3427 imis
683 3369 776 3428 infixa
797 3371 949 3445 medullis,

172 3465 406 3546 Perpetuusque
429 3466 547 3524 animae
570 3465 691 3524 debitor
712 3466 805 3545 hujus
824 3487 887 3527 ere.

74 3598 84 3612 ·
129 3561 173 3622 Di
194 3561 253 3620 tibi
275 3562 337 3620 sint
357 3562 473 3633 faciles,
497 3571 528 3622 et
549 3563 621 3642 opis
639 3563 752 3621 nullius
775 3569 916 3641 egentem

173 3658 342 3717 Fortunam
364 3666 521 3739 praestent
542 3659 783 3740 dissimilemque
804 3679 901 3719 meae.
954 3681 958 3688 ·

523 3845 661 3900 -n-
