<?xml version="1.0" encoding="UTF-8"?>
<!DOCTYPE html PUBLIC "-//W3C//DTD XHTML 1.0 Transitional//EN"
    "http://www.w3.org/TR/xhtml1/DTD/xhtml1-transitional.dtd">
<html xmlns="http://www.w3.org/1999/xhtml" xml:lang="en" lang="en">
 <head>
  <title>
</title>
<meta http-equiv="Content-Type" content="text/html;charset=utf-8" />
  <meta name='ocr-system' content='tesseract 3.04.00' />
  <meta name='ocr-capabilities' content='ocr_page ocr_carea ocr_par ocr_line ocrx_word'/>
</head>
<body>
  <div class='ocr_page' id='page_1' title='image "./depublicaprivat00arnagoog_0391.png"; bbox 0 0 2682 4258; ppageno 0'>
   <div class='ocr_carea' id='block_1_1' title="bbox 543 189 936 230">
    <p class='ocr_par' dir='ltr' id='par_1_1' title="bbox 543 189 936 230">
     <span class='ocr_line' id='line_1_1' title="bbox 543 189 936 230; baseline -0.013 -1"><span class='ocrx_word' id='word_1_1' title='bbox 543 191 668 230; x_wconf 70' lang='lat' dir='ltr'>HORALE.</span> <span class='ocrx_word' id='word_1_2' title='bbox 691 205 731 214; x_wconf 87' lang='grc'>-·</span> <span class='ocrx_word' id='word_1_3' title='bbox 752 189 936 228; x_wconf 76' lang='grc' dir='ltr'><strong>ΡΗῙΙ,03οΡΗΙΕ</strong></span> 
     </span>
    </p>
   </div>
   <div class='ocr_carea' id='block_1_2' title="bbox 235 301 1246 1138">
    <p class='ocr_par' dir='ltr' id='par_1_2' title="bbox 235 301 1246 1138">
     <span class='ocr_line' id='line_1_2' title="bbox 240 301 1246 379; baseline -0.007 -17"><span class='ocrx_word' id='word_1_4' title='bbox 240 323 321 364; x_wconf 84' lang='lat' dir='ltr'>cere.</span> <span class='ocrx_word' id='word_1_5' title='bbox 355 302 487 362; x_wconf 87' lang='lat' dir='ltr'>Ultionis</span> <span class='ocrx_word' id='word_1_6' title='bbox 515 301 859 362; x_wconf 86' lang='lat' dir='ltr'>contumeliosissimum</span> <span class='ocrx_word' id='word_1_7' title='bbox 884 321 980 379; x_wconf 83' lang='lat' dir='ltr'>genus</span> <span class='ocrx_word' id='word_1_8' title='bbox 1001 305 1057 374; x_wconf 90' lang='lat' dir='ltr'>est,</span> <span class='ocrx_word' id='word_1_9' title='bbox 1086 319 1148 358; x_wconf 91' lang='lat' dir='ltr'>non</span> <span class='ocrx_word' id='word_1_10' title='bbox 1177 319 1246 356; x_wconf 87' lang='lat' dir='ltr'>esse</span> 
     </span>
     <span class='ocr_line' id='line_1_3' title="bbox 242 395 1246 480; baseline -0.005 -23"><span class='ocrx_word' id='word_1_11' title='bbox 242 398 343 458; x_wconf 91' lang='lat' dir='ltr'>visum</span> <span class='ocrx_word' id='word_1_12' title='bbox 359 399 486 478; x_wconf 81' lang='lat' dir='ltr'>dignum</span> <span class='ocrx_word' id='word_1_13' title='bbox 500 421 535 460; x_wconf 87' lang='lat' dir='ltr'>ex</span> <span class='ocrx_word' id='word_1_14' title='bbox 552 421 613 480; x_wconf 92' lang='lat' dir='ltr'>quo</span> <span class='ocrx_word' id='word_1_15' title='bbox 629 407 785 479; x_wconf 85' lang='lat' dir='ltr'>peteretur</span> <span class='ocrx_word' id='word_1_16' title='bbox 799 398 885 459; x_wconf 88' lang='lat' dir='ltr'>ulti0.</span> <span class='ocrx_word' id='word_1_17' title='bbox 903 396 994 456; x_wconf 90' lang='lat' dir='ltr'>Multi</span> <span class='ocrx_word' id='word_1_18' title='bbox 1010 395 1092 454; x_wconf 89' lang='lat' dir='ltr'>leves</span> <span class='ocrx_word' id='word_1_19' title='bbox 1114 395 1246 475; x_wconf 87' lang='lat' dir='ltr'>injurias</span> 
     </span>
     <span class='ocr_line' id='line_1_4' title="bbox 242 491 1245 572; baseline -0.005 -18"><span class='ocrx_word' id='word_1_20' title='bbox 242 495 334 556; x_wconf 87' lang='lat' dir='ltr'>altius</span> <span class='ocrx_word' id='word_1_21' title='bbox 350 497 408 555; x_wconf 89' lang='lat' dir='ltr'>sibi</span> <span class='ocrx_word' id='word_1_22' title='bbox 419 497 579 567; x_wconf 87' lang='lat' dir='ltr'>demisere,</span> <span class='ocrx_word' id='word_1_23' title='bbox 595 497 668 555; x_wconf 94' lang='lat' dir='ltr'>dum</span> <span class='ocrx_word' id='word_1_24' title='bbox 680 495 840 556; x_wconf 88' lang='lat' dir='ltr'>vindicant</span> <span class='ocrx_word' id='word_1_25' title='bbox 857 513 863 556; x_wconf 88' lang='lat'>:</span> <span class='ocrx_word' id='word_1_26' title='bbox 879 496 928 556; x_wconf 88' lang='lat' dir='ltr'>ille</span> <span class='ocrx_word' id='word_1_27' title='bbox 943 514 1072 572; x_wconf 83' lang='lat' dir='ltr'>magnus</span> <span class='ocrx_word' id='word_1_28' title='bbox 1087 500 1118 552; x_wconf 89' lang='lat' dir='ltr'>et</span> <span class='ocrx_word' id='word_1_29' title='bbox 1130 491 1245 550; x_wconf 88' lang='lat' dir='ltr'>nobilis</span> 
     </span>
     <span class='ocr_line' id='line_1_5' title="bbox 242 575 1244 672; baseline -0.006 -20"><span class='ocrx_word' id='word_1_30' title='bbox 242 575 300 666; x_wconf 80' lang='lat' dir='ltr'>est,</span> <span class='ocrx_word' id='word_1_31' title='bbox 325 592 389 672; x_wconf 89' lang='lat' dir='ltr'>qui,</span> <span class='ocrx_word' id='word_1_32' title='bbox 406 614 491 652; x_wconf 87' lang='lat' dir='ltr'>more</span> <span class='ocrx_word' id='word_1_33' title='bbox 513 614 631 670; x_wconf 77' lang='lat' dir='ltr'>magnae</span> <span class='ocrx_word' id='word_1_34' title='bbox 655 578 738 662; x_wconf 84' lang='lat' dir='ltr'>lerae,</span> <span class='ocrx_word' id='word_1_35' title='bbox 762 592 889 652; x_wconf 81' lang='lat' dir='ltr'>latratus</span> <span class='ocrx_word' id='word_1_36' title='bbox 915 591 1104 650; x_wconf 91' lang='lat' dir='ltr'>minutorum</span> <span class='ocrx_word' id='word_1_37' title='bbox 1131 609 1244 648; x_wconf 89' lang='lat' dir='ltr'>canum</span> 
     </span>
     <span class='ocr_line' id='line_1_6' title="bbox 235 685 1245 769; baseline -0.006 -21"><span class='ocrx_word' id='word_1_38' title='bbox 235 710 368 748; x_wconf 84' lang='lat' dir='ltr'>securus</span> <span class='ocrx_word' id='word_1_39' title='bbox 384 689 519 750; x_wconf 82' lang='lat' dir='ltr'>exaudit.</span> <span class='ocrx_word' id='word_1_40' title='bbox 538 689 679 763; x_wconf 82' lang='lat' dir='ltr'>«Minus,</span> <span class='ocrx_word' id='word_1_41' title='bbox 706 689 818 769; x_wconf 82' lang='lat' dir='ltr'>inquis,</span> <span class='ocrx_word' id='word_1_42' title='bbox 835 695 1078 760; x_wconf 76' lang='lat' dir='ltr'>contemnemur,</span> <span class='ocrx_word' id='word_1_43' title='bbox 1100 687 1125 744; x_wconf 90' lang='lat' dir='ltr'>si</span> <span class='ocrx_word' id='word_1_44' title='bbox 1141 685 1245 744; x_wconf 88' lang='lat' dir='ltr'>vindi-</span> 
     </span>
     <span class='ocr_line' id='line_1_7' title="bbox 241 783 1243 867; baseline -0.006 -21"><span class='ocrx_word' id='word_1_45' title='bbox 241 787 413 846; x_wconf 88' lang='lat' dir='ltr'>caverimus</span> <span class='ocrx_word' id='word_1_46' title='bbox 429 786 584 867; x_wconf 90' lang='lat' dir='ltr'>injuriam.</span> <span class='ocrx_word' id='word_1_47' title='bbox 605 812 617 841; x_wconf 71' lang='lat' dir='ltr'>i</span> <span class='ocrx_word' id='word_1_48' title='bbox 635 787 666 845; x_wconf 89' lang='lat' dir='ltr'>Si</span> <span class='ocrx_word' id='word_1_49' title='bbox 683 794 837 866; x_wconf 79' lang='lat' dir='ltr'><strong>tamquam</strong></span> <span class='ocrx_word' id='word_1_50' title='bbox 851 785 888 844; x_wconf 85' lang='lat' dir='ltr'>ad</span> <span class='ocrx_word' id='word_1_51' title='bbox 904 784 1073 843; x_wconf 91' lang='lat' dir='ltr'>remedium</span> <span class='ocrx_word' id='word_1_52' title='bbox 1088 783 1243 855; x_wconf 86' lang='lat' dir='ltr'>venimus,</span> 
     </span>
     <span class='ocr_line' id='line_1_8' title="bbox 241 878 1246 963; baseline -0.006 -21"><span class='ocrx_word' id='word_1_53' title='bbox 241 883 307 942; x_wconf 86' lang='lat' dir='ltr'>sine</span> <span class='ocrx_word' id='word_1_54' title='bbox 338 883 382 942; x_wconf 82' lang='lat' dir='ltr'>ira</span> <span class='ocrx_word' id='word_1_55' title='bbox 409 883 579 957; x_wconf 87' lang='lat' dir='ltr'>veniamus,</span> <span class='ocrx_word' id='word_1_56' title='bbox 617 904 678 942; x_wconf 91' lang='lat' dir='ltr'>non</span> <span class='ocrx_word' id='word_1_57' title='bbox 708 883 795 963; x_wconf 86' lang='lat' dir='ltr'>quasi</span> <span class='ocrx_word' id='word_1_58' title='bbox 821 881 975 942; x_wconf 86' lang='lat' dir='ltr'>dulcesit</span> <span class='ocrx_word' id='word_1_59' title='bbox 1003 878 1165 954; x_wconf 90' lang='lat' dir='ltr'>vindicari,</span> <span class='ocrx_word' id='word_1_60' title='bbox 1190 878 1246 938; x_wconf 92' lang='lat' dir='ltr'>sed</span> 
     </span>
     <span class='ocr_line' id='line_1_9' title="bbox 241 977 1244 1060; baseline -0.004 -22"><span class='ocrx_word' id='word_1_61' title='bbox 241 980 430 1060; x_wconf 87' lang='lat' dir='ltr'>quasiutile.</span> <span class='ocrx_word' id='word_1_62' title='bbox 460 981 547 1060; x_wconf 88' lang='lat' dir='ltr'>Saepe</span> <span class='ocrx_word' id='word_1_63' title='bbox 569 986 671 1042; x_wconf 89' lang='lat' dir='ltr'>autern</span> <span class='ocrx_word' id='word_1_64' title='bbox 707 979 803 1039; x_wconf 85' lang='lat' dir='ltr'>satius</span> <span class='ocrx_word' id='word_1_65' title='bbox 831 979 892 1037; x_wconf 85' lang='lat' dir='ltr'>luit</span> <span class='ocrx_word' id='word_1_66' title='bbox 916 977 1119 1051; x_wconf 90' lang='lat' dir='ltr'>dissimulare,</span> <span class='ocrx_word' id='word_1_67' title='bbox 1149 995 1244 1057; x_wconf 89' lang='lat' dir='ltr'>quam</span> 
     </span>
     <span class='ocr_line' id='line_1_10' title="bbox 243 1076 360 1138; baseline 0.009 -2"><span class='ocrx_word' id='word_1_68' title='bbox 243 1076 360 1138; x_wconf 84' lang='lat' dir='ltr'>ulcisci.</span> 
     </span>
    </p>
   </div>
   <div class='ocr_carea' id='block_1_3' title="bbox 286 1260 1200 1420">
    <p class='ocr_par' dir='ltr' id='par_1_3' title="bbox 286 1260 1200 1420">
     <span class='ocr_line' id='line_1_11' title="bbox 286 1260 1200 1338; baseline -0.004 -19"><span class='ocrx_word' id='word_1_69' title='bbox 286 1262 372 1320; x_wconf 83' lang='lat'>455.</span> <span class='ocrx_word' id='word_1_70' title='bbox 392 1265 447 1319; x_wconf 84' lang='lat' dir='ltr'>La</span> <span class='ocrx_word' id='word_1_71' title='bbox 467 1261 578 1338; x_wconf 74' lang='lat' dir='ltr'>repon</span> <span class='ocrx_word' id='word_1_72' title='bbox 597 1265 642 1319; x_wconf 90' lang='lat' dir='ltr'>de</span> <span class='ocrx_word' id='word_1_73' title='bbox 662 1265 801 1319; x_wconf 80' lang='lat' dir='ltr'>donner</span> <span class='ocrx_word' id='word_1_74' title='bbox 819 1263 910 1319; x_wconf 80' lang='lat' dir='ltr'>veut</span> <span class='ocrx_word' id='word_1_75' title='bbox 930 1260 1051 1317; x_wconf 84' lang='lat' dir='ltr'>mleux</span> <span class='ocrx_word' id='word_1_76' title='bbox 1069 1272 1139 1330; x_wconf 83' lang='lat' dir='ltr'>que</span> <span class='ocrx_word' id='word_1_77' title='bbox 1158 1271 1200 1316; x_wconf 87' lang='lat' dir='ltr'>ee</span> 
     </span>
     <span class='ocr_line' id='line_1_12' title="bbox 614 1348 924 1420; baseline 0 -14"><span class='ocrx_word' id='word_1_78' title='bbox 614 1353 720 1420; x_wconf 80' lang='lat' dir='ltr'>qu&#39;on</span> <span class='ocrx_word' id='word_1_79' title='bbox 739 1352 866 1407; x_wconf 87' lang='lat' dir='ltr'>donne.</span> <span class='ocrx_word' id='word_1_80' title='bbox 921 1348 924 1354; x_wconf 84' lang='lat'>&#39;</span> 
     </span>
    </p>
   </div>
   <div class='ocr_carea' id='block_1_4' title="bbox 321 1452 1160 1536">
    <p class='ocr_par' dir='ltr' id='par_1_4' title="bbox 321 1452 1160 1536">
     <span class='ocr_line' id='line_1_13' title="bbox 321 1452 1160 1536; baseline -0.001 -24"><span class='ocrx_word' id='word_1_81' title='bbox 321 1452 446 1534; x_wconf 79' lang='lat' dir='ltr'>(Melius</span> <span class='ocrx_word' id='word_1_82' title='bbox 468 1461 513 1515; x_wconf 86' lang='lat' dir='ltr'>est</span> <span class='ocrx_word' id='word_1_83' title='bbox 533 1455 670 1536; x_wconf 68' lang='lat' dir='ltr'>deniquo</span> <span class='ocrx_word' id='word_1_84' title='bbox 691 1453 809 1514; x_wconf 79' lang='lat' dir='ltr'>animo.</span> <span class='ocrx_word' id='word_1_85' title='bbox 823 1475 919 1536; x_wconf 83' lang='lat' dir='ltr'>quam</span> <span class='ocrx_word' id='word_1_86' title='bbox 941 1452 1039 1512; x_wconf 84' lang='lat' dir='ltr'>multa</span> <span class='ocrx_word' id='word_1_87' title='bbox 1061 1452 1160 1532; x_wconf 82' lang='lat' dir='ltr'>dare.)</span> 
     </span>
    </p>
   </div>
   <div class='ocr_carea' id='block_1_5' title="bbox 172 1588 1245 2369">
    <p class='ocr_par' dir='ltr' id='par_1_5' title="bbox 172 1588 1245 2369">
     <span class='ocr_line' id='line_1_14' title="bbox 172 1588 1243 1693; baseline -0.004 -20"><span class='ocrx_word' id='word_1_88' title='bbox 172 1615 218 1674; x_wconf 78' lang='lat' dir='ltr'>nu</span> <span class='ocrx_word' id='word_1_89' title='bbox 281 1612 463 1673; x_wconf 80' lang='lat' dir='ltr'>Gratissima</span> <span class='ocrx_word' id='word_1_90' title='bbox 488 1621 559 1672; x_wconf 90' lang='lat' dir='ltr'>sunt</span> <span class='ocrx_word' id='word_1_91' title='bbox 586 1588 861 1693; x_wconf 75' lang='lat' dir='ltr'>beneficiaparata,</span> <span class='ocrx_word' id='word_1_92' title='bbox 893 1613 1004 1686; x_wconf 80' lang='lat' dir='ltr'>facilia,</span> <span class='ocrx_word' id='word_1_93' title='bbox 1034 1612 1243 1685; x_wconf 74' lang='lat' dir='ltr'>occurrentia,</span> 
     </span>
     <span class='ocr_line' id='line_1_15' title="bbox 239 1708 1241 1790; baseline -0.001 -23"><span class='ocrx_word' id='word_1_94' title='bbox 239 1708 294 1767; x_wconf 83' lang='lat' dir='ltr'>nbi</span> <span class='ocrx_word' id='word_1_95' title='bbox 308 1709 390 1768; x_wconf 90' lang='lat' dir='ltr'>nulla</span> <span class='ocrx_word' id='word_1_96' title='bbox 408 1731 494 1769; x_wconf 91' lang='lat' dir='ltr'>mora</span> <span class='ocrx_word' id='word_1_97' title='bbox 517 1711 557 1769; x_wconf 86' lang='lat' dir='ltr'>lui</span> <span class='ocrx_word' id='word_1_98' title='bbox 564 1720 584 1780; x_wconf 90' lang='lat' dir='ltr'>t,</span> <span class='ocrx_word' id='word_1_99' title='bbox 603 1711 660 1770; x_wconf 91' lang='lat' dir='ltr'>nisi</span> <span class='ocrx_word' id='word_1_100' title='bbox 674 1711 705 1768; x_wconf 95' lang='lat' dir='ltr'>in</span> <span class='ocrx_word' id='word_1_101' title='bbox 728 1711 905 1790; x_wconf 89' lang='lat' dir='ltr'>accipientis</span> <span class='ocrx_word' id='word_1_102' title='bbox 930 1709 1126 1786; x_wconf 77' lang='lat' dir='ltr'>verecundia.</span> <span class='ocrx_word' id='word_1_103' title='bbox 1150 1708 1241 1787; x_wconf 89' lang='lat' dir='ltr'>Opti-</span> 
     </span>
     <span class='ocr_line' id='line_1_16' title="bbox 240 1794 1242 1886; baseline -0.001 -23"><span class='ocrx_word' id='word_1_104' title='bbox 240 1825 324 1864; x_wconf 90' lang='lat' dir='ltr'>mum</span> <span class='ocrx_word' id='word_1_105' title='bbox 352 1813 398 1864; x_wconf 89' lang='lat' dir='ltr'>est</span> <span class='ocrx_word' id='word_1_106' title='bbox 428 1794 608 1866; x_wconf 82' lang='lat' dir='ltr'>antecedere</span> <span class='ocrx_word' id='word_1_107' title='bbox 637 1807 827 1868; x_wconf 88' lang='lat' dir='ltr'>desiderium</span> <span class='ocrx_word' id='word_1_108' title='bbox 860 1827 1026 1886; x_wconf 69' lang='lat' dir='ltr'>cujusque,</span> <span class='ocrx_word' id='word_1_109' title='bbox 1064 1805 1242 1884; x_wconf 89' lang='lat' dir='ltr'>proximum</span> 
     </span>
     <span class='ocr_line' id='line_1_17' title="bbox 238 1901 1241 1983; baseline 0.001 -23"><span class='ocrx_word' id='word_1_110' title='bbox 238 1901 337 1982; x_wconf 84' lang='lat' dir='ltr'>sequi.</span> <span class='ocrx_word' id='word_1_111' title='bbox 368 1902 446 1961; x_wconf 94' lang='lat' dir='ltr'>lllud</span> <span class='ocrx_word' id='word_1_112' title='bbox 476 1904 596 1979; x_wconf 88' lang='lat' dir='ltr'>melius,</span> <span class='ocrx_word' id='word_1_113' title='bbox 619 1925 768 1983; x_wconf 87' lang='lat' dir='ltr'>occupare</span> <span class='ocrx_word' id='word_1_114' title='bbox 791 1912 955 1982; x_wconf 89' lang='lat' dir='ltr'>antequam</span> <span class='ocrx_word' id='word_1_115' title='bbox 972 1923 1114 1979; x_wconf 84' lang='lat' dir='ltr'>rogemur</span> <span class='ocrx_word' id='word_1_116' title='bbox 1131 1922 1137 1963; x_wconf 92' lang='lat'>:</span> <span class='ocrx_word' id='word_1_117' title='bbox 1155 1903 1241 1980; x_wconf 85' lang='lat' dir='ltr'>quia,</span> 
     </span>
     <span class='ocr_line' id='line_1_18' title="bbox 239 1999 1243 2079; baseline 0 -23"><span class='ocrx_word' id='word_1_118' title='bbox 239 2019 310 2057; x_wconf 91' lang='lat' dir='ltr'>cum</span> <span class='ocrx_word' id='word_1_119' title='bbox 332 1999 449 2073; x_wconf 89' lang='lat' dir='ltr'>homini</span> <span class='ocrx_word' id='word_1_120' title='bbox 472 1999 569 2079; x_wconf 93' lang='lat' dir='ltr'>probo</span> <span class='ocrx_word' id='word_1_121' title='bbox 586 2003 621 2060; x_wconf 90' lang='lat' dir='ltr'>ad</span> <span class='ocrx_word' id='word_1_122' title='bbox 645 2000 815 2078; x_wconf 84' lang='lat' dir='ltr'>rogandum</span> <span class='ocrx_word' id='word_1_123' title='bbox 836 2021 869 2058; x_wconf 93' lang='lat' dir='ltr'>os</span> <span class='ocrx_word' id='word_1_124' title='bbox 893 2008 1057 2059; x_wconf 88' lang='lat' dir='ltr'>concurrat</span> <span class='ocrx_word' id='word_1_125' title='bbox 1075 2007 1106 2057; x_wconf 91' lang='lat' dir='ltr'>et</span> <span class='ocrx_word' id='word_1_126' title='bbox 1125 2000 1243 2057; x_wconf 81' lang='lat' dir='ltr'>suffun-</span> 
     </span>
     <span class='ocr_line' id='line_1_19' title="bbox 239 2095 1245 2176; baseline 0.001 -23"><span class='ocrx_word' id='word_1_127' title='bbox 239 2095 332 2154; x_wconf 89' lang='lat' dir='ltr'>datur</span> <span class='ocrx_word' id='word_1_128' title='bbox 359 2097 463 2167; x_wconf 90' lang='lat' dir='ltr'>rubor,</span> <span class='ocrx_word' id='word_1_129' title='bbox 495 2097 547 2176; x_wconf 84' lang='lat' dir='ltr'>qui</span> <span class='ocrx_word' id='word_1_130' title='bbox 577 2096 635 2156; x_wconf 86' lang='lat' dir='ltr'>hoc</span> <span class='ocrx_word' id='word_1_131' title='bbox 663 2104 849 2156; x_wconf 84' lang='lat' dir='ltr'>tormentum</span> <span class='ocrx_word' id='word_1_132' title='bbox 878 2097 1019 2168; x_wconf 85' lang='lat' dir='ltr'>remittit,</span> <span class='ocrx_word' id='word_1_133' title='bbox 1055 2095 1245 2175; x_wconf 89' lang='lat' dir='ltr'>multiplicat</span> 
     </span>
     <span class='ocr_line' id='line_1_20' title="bbox 240 2193 1241 2272; baseline 0.001 -21"><span class='ocrx_word' id='word_1_134' title='bbox 240 2213 352 2251; x_wconf 89' lang='lat' dir='ltr'>munus</span> <span class='ocrx_word' id='word_1_135' title='bbox 368 2214 468 2251; x_wconf 88' lang='lat' dir='ltr'>suurn.</span> <span class='ocrx_word' id='word_1_136' title='bbox 486 2194 555 2251; x_wconf 92' lang='lat' dir='ltr'>Non</span> <span class='ocrx_word' id='word_1_137' title='bbox 571 2193 644 2254; x_wconf 85' lang='lat' dir='ltr'>tulit</span> <span class='ocrx_word' id='word_1_138' title='bbox 658 2195 752 2271; x_wconf 78' lang='lat' dir='ltr'>gratis</span> <span class='ocrx_word' id='word_1_139' title='bbox 767 2194 831 2272; x_wconf 89' lang='lat' dir='ltr'>qui,</span> <span class='ocrx_word' id='word_1_140' title='bbox 844 2215 913 2263; x_wconf 83' lang='lat' dir='ltr'>curn</span> <span class='ocrx_word' id='word_1_141' title='bbox 929 2200 1076 2272; x_wconf 81' lang='lat' dir='ltr'>rogasset,</span> <span class='ocrx_word' id='word_1_142' title='bbox 1100 2193 1241 2272; x_wconf 87' lang='lat' dir='ltr'>accepit:</span> 
     </span>
     <span class='ocr_line' id='line_1_21' title="bbox 239 2289 1241 2369; baseline -0.001 -21"><span class='ocrx_word' id='word_1_143' title='bbox 239 2290 386 2369; x_wconf 87' lang='lat' dir='ltr'>quoniam</span> <span class='ocrx_word' id='word_1_144' title='bbox 402 2289 538 2369; x_wconf 90' lang='lat' dir='ltr'>quidem,</span> <span class='ocrx_word' id='word_1_145' title='bbox 556 2299 590 2348; x_wconf 89' lang='lat' dir='ltr'>ut</span> <span class='ocrx_word' id='word_1_146' title='bbox 609 2291 778 2369; x_wconf 84' lang='lat' dir='ltr'>majoribus</span> <span class='ocrx_word' id='word_1_147' title='bbox 800 2291 923 2358; x_wconf 78' lang='lat' dir='ltr'>nostris,</span> <span class='ocrx_word' id='word_1_148' title='bbox 945 2290 1133 2368; x_wconf 83' lang='lat' dir='ltr'>gravissimis</span> <span class='ocrx_word' id='word_1_149' title='bbox 1152 2290 1241 2362; x_wconf 79' lang='lat' dir='ltr'>viriS,</span> 
     </span>
    </p>
   </div>
   <div class='ocr_carea' id='block_1_6' title="bbox 229 2578 1243 3821">
    <p class='ocr_par' dir='ltr' id='par_1_6' title="bbox 229 2578 1243 3821">
     <span class='ocr_line' id='line_1_22' title="bbox 240 2578 1243 2658; baseline 0.004 -24"><span class='ocrx_word' id='word_1_150' title='bbox 240 2578 378 2638; x_wconf 80' lang='lat' dir='ltr'>facienda</span> <span class='ocrx_word' id='word_1_151' title='bbox 407 2587 532 2640; x_wconf 89' lang='lat' dir='ltr'>essent:</span> <span class='ocrx_word' id='word_1_152' title='bbox 561 2580 636 2639; x_wconf 85' lang='lat' dir='ltr'>adeo</span> <span class='ocrx_word' id='word_1_153' title='bbox 664 2582 756 2639; x_wconf 89' lang='lat' dir='ltr'>etiam</span> <span class='ocrx_word' id='word_1_154' title='bbox 774 2579 858 2651; x_wconf 90' lang='lat' dir='ltr'>deos,</span> <span class='ocrx_word' id='word_1_155' title='bbox 886 2581 997 2658; x_wconf 91' lang='lat' dir='ltr'>quibus</span> <span class='ocrx_word' id='word_1_156' title='bbox 1025 2579 1243 2638; x_wconf 83' lang='lat' dir='ltr'>honestissime</span> 
     </span>
     <span class='ocr_line' id='line_1_23' title="bbox 239 2670 1239 2756; baseline -0.002 -21"><span class='ocrx_word' id='word_1_157' title='bbox 239 2675 459 2755; x_wconf 88' lang='lat' dir='ltr'>supplicamus,</span> <span class='ocrx_word' id='word_1_158' title='bbox 478 2676 568 2735; x_wconf 89' lang='lat' dir='ltr'>tacite</span> <span class='ocrx_word' id='word_1_159' title='bbox 584 2670 735 2735; x_wconf 82' lang='lat' dir='ltr'>malumus</span> <span class='ocrx_word' id='word_1_160' title='bbox 751 2684 782 2735; x_wconf 92' lang='lat' dir='ltr'>et</span> <span class='ocrx_word' id='word_1_161' title='bbox 796 2677 874 2736; x_wconf 88' lang='lat' dir='ltr'>intra</span> <span class='ocrx_word' id='word_1_162' title='bbox 890 2677 1093 2756; x_wconf 86' lang='lat' dir='ltr'>nosmetipsos</span> <span class='ocrx_word' id='word_1_163' title='bbox 1108 2677 1239 2755; x_wconf 86' lang='lat' dir='ltr'>precari.</span> 
     </span>
     <span class='ocr_line' id='line_1_24' title="bbox 240 2765 1243 2845; baseline 0 -15"><span class='ocrx_word' id='word_1_164' title='bbox 240 2771 408 2831; x_wconf 89' lang='lat' dir='ltr'>Molestum</span> <span class='ocrx_word' id='word_1_165' title='bbox 423 2765 552 2831; x_wconf 88' lang='lat' dir='ltr'>verbum</span> <span class='ocrx_word' id='word_1_166' title='bbox 569 2781 625 2845; x_wconf 90' lang='lat' dir='ltr'>est,</span> <span class='ocrx_word' id='word_1_167' title='bbox 643 2795 818 2844; x_wconf 89' lang='lat' dir='ltr'>onerosum,</span> <span class='ocrx_word' id='word_1_168' title='bbox 836 2780 866 2832; x_wconf 88' lang='lat' dir='ltr'>et</span> <span class='ocrx_word' id='word_1_169' title='bbox 884 2773 1016 2831; x_wconf 90' lang='lat' dir='ltr'>demisso</span> <span class='ocrx_word' id='word_1_170' title='bbox 1030 2773 1120 2832; x_wconf 86' lang='lat' dir='ltr'>vultu</span> <span class='ocrx_word' id='word_1_171' title='bbox 1135 2772 1243 2831; x_wconf 84' lang='lat' dir='ltr'>dicen-</span> 
     </span>
     <span class='ocr_line' id='line_1_25' title="bbox 239 2868 1242 2950; baseline 0 -23"><span class='ocrx_word' id='word_1_172' title='bbox 239 2869 325 2943; x_wconf 93' lang='lat' dir='ltr'>dum,</span> <span class='ocrx_word' id='word_1_173' title='bbox 345 2893 359 2923; x_wconf 88' lang='lat'>«</span> <span class='ocrx_word' id='word_1_174' title='bbox 373 2868 497 2946; x_wconf 84' lang='lat' dir='ltr'>Rogo».</span> <span class='ocrx_word' id='word_1_175' title='bbox 513 2871 613 2950; x_wconf 86' lang='lat' dir='ltr'>Hujus</span> <span class='ocrx_word' id='word_1_176' title='bbox 623 2870 763 2928; x_wconf 82' lang='lat' dir='ltr'>iacienda</span> <span class='ocrx_word' id='word_1_177' title='bbox 775 2878 822 2928; x_wconf 88' lang='lat' dir='ltr'>est</span> <span class='ocrx_word' id='word_1_178' title='bbox 832 2871 929 2948; x_wconf 85' lang='lat' dir='ltr'>gratia</span> <span class='ocrx_word' id='word_1_179' title='bbox 940 2869 1050 2941; x_wconf 89' lang='lat' dir='ltr'>amico,</span> <span class='ocrx_word' id='word_1_180' title='bbox 1063 2877 1094 2928; x_wconf 91' lang='lat' dir='ltr'>et</span> <span class='ocrx_word' id='word_1_181' title='bbox 1104 2871 1242 2928; x_wconf 86' lang='lat' dir='ltr'>cuicum-</span> 
     </span>
     <span class='ocr_line' id='line_1_26' title="bbox 238 2965 1243 3046; baseline 0 -22"><span class='ocrx_word' id='word_1_182' title='bbox 238 2984 310 3044; x_wconf 91' lang='lat' dir='ltr'>que,</span> <span class='ocrx_word' id='word_1_183' title='bbox 339 2986 430 3046; x_wconf 91' lang='lat' dir='ltr'>quem</span> <span class='ocrx_word' id='word_1_184' title='bbox 460 2966 592 3024; x_wconf 86' lang='lat' dir='ltr'>amicum</span> <span class='ocrx_word' id='word_1_185' title='bbox 617 2967 658 3024; x_wconf 91' lang='lat' dir='ltr'>sis</span> <span class='ocrx_word' id='word_1_186' title='bbox 681 2966 885 3044; x_wconf 91' lang='lat' dir='ltr'>promerendo</span> <span class='ocrx_word' id='word_1_187' title='bbox 913 2967 1062 3026; x_wconf 85' lang='lat' dir='ltr'>lecturus.</span> <span class='ocrx_word' id='word_1_188' title='bbox 1093 2965 1243 3044; x_wconf 77' lang='lat' dir='ltr'>Properat</span> 
     </span>
     <span class='ocr_line' id='line_1_27' title="bbox 239 3061 1242 3142; baseline 0 -22"><span class='ocrx_word' id='word_1_189' title='bbox 239 3061 322 3134; x_wconf 89' lang='lat' dir='ltr'>licet,</span> <span class='ocrx_word' id='word_1_190' title='bbox 340 3083 408 3121; x_wconf 89' lang='lat' dir='ltr'>sero</span> <span class='ocrx_word' id='word_1_191' title='bbox 423 3063 606 3121; x_wconf 85' lang='lat' dir='ltr'>beneficium</span> <span class='ocrx_word' id='word_1_192' title='bbox 622 3063 707 3121; x_wconf 89' lang='lat' dir='ltr'>dedit</span> <span class='ocrx_word' id='word_1_193' title='bbox 726 3063 777 3142; x_wconf 84' lang='lat' dir='ltr'>qui</span> <span class='ocrx_word' id='word_1_194' title='bbox 805 3064 925 3140; x_wconf 84' lang='lat' dir='ltr'>roganti</span> <span class='ocrx_word' id='word_1_195' title='bbox 950 3063 1046 3122; x_wconf 88' lang='lat' dir='ltr'>dedit.</span> <span class='ocrx_word' id='word_1_196' title='bbox 1072 3063 1146 3121; x_wconf 90' lang='lat' dir='ltr'>ldeo</span> <span class='ocrx_word' id='word_1_197' title='bbox 1161 3063 1242 3120; x_wconf 88' lang='lat' dir='ltr'>divi-</span> 
     </span>
     <span class='ocr_line' id='line_1_28' title="bbox 232 3159 1242 3240; baseline 0.001 -23"><span class='ocrx_word' id='word_1_198' title='bbox 232 3159 340 3218; x_wconf 78' lang='lat' dir='ltr'>nanda</span> <span class='ocrx_word' id='word_1_199' title='bbox 356 3159 506 3240; x_wconf 86' lang='lat' dir='ltr'>cujusque</span> <span class='ocrx_word' id='word_1_200' title='bbox 530 3160 685 3232; x_wconf 79' lang='lat' dir='ltr'>voluntaS,</span> <span class='ocrx_word' id='word_1_201' title='bbox 703 3167 744 3233; x_wconf 88' lang='lat' dir='ltr'>et,</span> <span class='ocrx_word' id='word_1_202' title='bbox 768 3181 838 3220; x_wconf 88' lang='lat' dir='ltr'>cum</span> <span class='ocrx_word' id='word_1_203' title='bbox 863 3161 1017 3220; x_wconf 88' lang='lat' dir='ltr'>intellecta</span> <span class='ocrx_word' id='word_1_204' title='bbox 1037 3167 1094 3233; x_wconf 91' lang='lat' dir='ltr'>est,</span> <span class='ocrx_word' id='word_1_205' title='bbox 1109 3160 1242 3218; x_wconf 90' lang='lat' dir='ltr'>necessi-</span> 
     </span>
     <span class='ocr_line' id='line_1_29' title="bbox 238 3257 1241 3334; baseline 0 -19"><span class='ocrx_word' id='word_1_206' title='bbox 238 3263 301 3316; x_wconf 71' lang='lat' dir='ltr'>tate</span> <span class='ocrx_word' id='word_1_207' title='bbox 330 3257 509 3334; x_wconf 84' lang='lat' dir='ltr'>gravissima</span> <span class='ocrx_word' id='word_1_208' title='bbox 539 3257 668 3334; x_wconf 83' lang='lat' dir='ltr'>rogandi</span> <span class='ocrx_word' id='word_1_209' title='bbox 688 3257 843 3315; x_wconf 87' lang='lat' dir='ltr'>liberanda</span> <span class='ocrx_word' id='word_1_210' title='bbox 868 3266 924 3318; x_wconf 87' lang='lat' dir='ltr'>est.</span> <span class='ocrx_word' id='word_1_211' title='bbox 951 3257 1029 3315; x_wconf 93' lang='lat' dir='ltr'>lllud</span> <span class='ocrx_word' id='word_1_212' title='bbox 1056 3257 1241 3317; x_wconf 87' lang='lat' dir='ltr'>beneficium</span> 
     </span>
     <span class='ocr_line' id='line_1_30' title="bbox 235 3353 1241 3435; baseline 0.001 -23"><span class='ocrx_word' id='word_1_213' title='bbox 235 3353 410 3433; x_wconf 88' lang='lat' dir='ltr'>jucundum</span> <span class='ocrx_word' id='word_1_214' title='bbox 440 3353 658 3434; x_wconf 90' lang='lat' dir='ltr'>victurumque</span> <span class='ocrx_word' id='word_1_215' title='bbox 695 3355 726 3412; x_wconf 89' lang='lat' dir='ltr'>in</span> <span class='ocrx_word' id='word_1_216' title='bbox 756 3354 859 3412; x_wconf 87' lang='lat' dir='ltr'>animo</span> <span class='ocrx_word' id='word_1_217' title='bbox 887 3355 974 3425; x_wconf 79' lang='lat' dir='ltr'>sciaS,</span> <span class='ocrx_word' id='word_1_218' title='bbox 1005 3355 1087 3435; x_wconf 93' lang='lat' dir='ltr'>quod</span> <span class='ocrx_word' id='word_1_219' title='bbox 1115 3354 1241 3414; x_wconf 87' lang='lat' dir='ltr'>obviarn</span> 
     </span>
     <span class='ocr_line' id='line_1_31' title="bbox 238 3449 1240 3532; baseline 0.005 -26"><span class='ocrx_word' id='word_1_220' title='bbox 238 3450 335 3508; x_wconf 88' lang='lat' dir='ltr'>venit.</span> <span class='ocrx_word' id='word_1_221' title='bbox 360 3449 392 3507; x_wconf 91' lang='lat' dir='ltr'>Si</span> <span class='ocrx_word' id='word_1_222' title='bbox 418 3471 479 3508; x_wconf 93' lang='lat' dir='ltr'>non</span> <span class='ocrx_word' id='word_1_223' title='bbox 503 3451 655 3532; x_wconf 84' lang='lat' dir='ltr'>contingit</span> <span class='ocrx_word' id='word_1_224' title='bbox 677 3451 858 3530; x_wconf 87' lang='lat' dir='ltr'>praevenire,</span> <span class='ocrx_word' id='word_1_225' title='bbox 882 3451 967 3531; x_wconf 90' lang='lat' dir='ltr'>plura</span> <span class='ocrx_word' id='word_1_226' title='bbox 989 3451 1124 3528; x_wconf 84' lang='lat' dir='ltr'>rogantis</span> <span class='ocrx_word' id='word_1_227' title='bbox 1146 3452 1240 3511; x_wconf 85' lang='lat' dir='ltr'>verba</span> 
     </span>
     <span class='ocr_line' id='line_1_32' title="bbox 238 3545 1228 3625; baseline 0.003 -21"><span class='ocrx_word' id='word_1_228' title='bbox 238 3545 468 3617; x_wconf 87' lang='lat' dir='ltr'>intercidamus,</span> <span class='ocrx_word' id='word_1_229' title='bbox 490 3568 527 3606; x_wconf 91' lang='lat' dir='ltr'>ne</span> <span class='ocrx_word' id='word_1_230' title='bbox 557 3548 656 3625; x_wconf 85' lang='lat' dir='ltr'>rogati</span> <span class='ocrx_word' id='word_1_231' title='bbox 692 3548 876 3608; x_wconf 89' lang='lat' dir='ltr'>videamur:</span> <span class='ocrx_word' id='word_1_232' title='bbox 901 3547 954 3605; x_wconf 89' lang='lat' dir='ltr'>sed</span> <span class='ocrx_word' id='word_1_233' title='bbox 981 3547 1127 3605; x_wconf 91' lang='lat' dir='ltr'>certiores</span> <span class='ocrx_word' id='word_1_234' title='bbox 1153 3548 1228 3607; x_wconf 85' lang='lat' dir='ltr'>lacti</span> 
     </span>
     <span class='ocr_line' id='line_1_33' title="bbox 238 3643 1241 3725; baseline 0.002 -23"><span class='ocrx_word' id='word_1_235' title='bbox 238 3643 341 3702; x_wconf 88' lang='lat' dir='ltr'>statim</span> <span class='ocrx_word' id='word_1_236' title='bbox 370 3643 599 3722; x_wconf 85' lang='lat' dir='ltr'>promittamus,</span> <span class='ocrx_word' id='word_1_237' title='bbox 631 3645 829 3725; x_wconf 79' lang='lat' dir='ltr'>facturosque</span> <span class='ocrx_word' id='word_1_238' title='bbox 858 3665 924 3715; x_wconf 91' lang='lat' dir='ltr'>nos,</span> <span class='ocrx_word' id='word_1_239' title='bbox 955 3643 1046 3702; x_wconf 86' lang='lat' dir='ltr'>etiam</span> <span class='ocrx_word' id='word_1_240' title='bbox 1074 3651 1241 3725; x_wconf 87' lang='lat' dir='ltr'>antequam</span> 
     </span>
     <span class='ocr_line' id='line_1_34' title="bbox 229 3739 1007 3821; baseline 0.005 -25"><span class='ocrx_word' id='word_1_241' title='bbox 229 3739 481 3818; x_wconf 84' lang='lat' dir='ltr'>interpellemur,</span> <span class='ocrx_word' id='word_1_242' title='bbox 499 3740 565 3819; x_wconf 84' lang='lat' dir='ltr'>ipsa</span> <span class='ocrx_word' id='word_1_243' title='bbox 581 3741 778 3800; x_wconf 83' lang='lat' dir='ltr'>festinatione</span> <span class='ocrx_word' id='word_1_244' title='bbox 793 3739 1007 3821; x_wconf 86' lang='lat' dir='ltr'>approbemus.</span> 
     </span>
    </p>
   </div>
   <div class='ocr_carea' id='block_1_7' title="bbox 660 3917 817 3970">
    <p class='ocr_par' dir='ltr' id='par_1_7' title="bbox 660 3917 817 3970">
     <span class='ocr_line' id='line_1_35' title="bbox 660 3917 817 3970; baseline -0.006 0"><span class='ocrx_word' id='word_1_245' title='bbox 660 3917 817 3970; x_wconf 84' lang='lat'><strong>-330-</strong></span> 
     </span>
    </p>
   </div>
   <div class='ocr_carea' id='block_1_8' title="bbox 0 0 1346 4258">
    <p class='ocr_par' dir='ltr' id='par_1_8' title="bbox 0 0 1346 4258">
     <span class='ocr_line' id='line_1_36' title="bbox 0 0 1346 4258; baseline 0 0"><span class='ocrx_word' id='word_1_246' title='bbox 0 0 1346 4258; x_wconf 95' lang='lat' dir='ltr'> </span> 
     </span>
    </p>
   </div>
   <div class='ocr_carea' id='block_1_9' title="bbox 239 2385 1243 2562">
    <p class='ocr_par' dir='ltr' id='par_1_9' title="bbox 239 1817 1330 4254">
     <span class='ocr_line' id='line_1_37' title="bbox 239 2385 1243 2466; baseline 0.001 -23"><span class='ocrx_word' id='word_1_247' title='bbox 239 2385 340 2443; x_wconf 92' lang='lat' dir='ltr'>visum</span> <span class='ocrx_word' id='word_1_248' title='bbox 371 2393 427 2460; x_wconf 85' lang='lat' dir='ltr'>est,</span> <span class='ocrx_word' id='word_1_249' title='bbox 453 2387 535 2444; x_wconf 89' lang='lat' dir='ltr'>nulla</span> <span class='ocrx_word' id='word_1_250' title='bbox 565 2408 611 2444; x_wconf 89' lang='lat' dir='ltr'>res</span> <span class='ocrx_word' id='word_1_251' title='bbox 633 2387 733 2444; x_wconf 91' lang='lat' dir='ltr'>carius</span> <span class='ocrx_word' id='word_1_252' title='bbox 753 2395 874 2445; x_wconf 88' lang='lat' dir='ltr'>constat</span> <span class='ocrx_word' id='word_1_253' title='bbox 894 2408 984 2466; x_wconf 88' lang='lat' dir='ltr'>quam</span> <span class='ocrx_word' id='word_1_254' title='bbox 1009 2407 1077 2465; x_wconf 84' lang='lat' dir='ltr'>quae</span> <span class='ocrx_word' id='word_1_255' title='bbox 1099 2385 1243 2465; x_wconf 86' lang='lat' dir='ltr'>precibus</span> 
     </span>
     <span class='ocr_line' id='line_1_38' title="bbox 239 2483 1241 2562; baseline 0.002 -23"><span class='ocrx_word' id='word_1_256' title='bbox 239 2489 342 2557; x_wconf 87' lang='lat' dir='ltr'>empta</span> <span class='ocrx_word' id='word_1_257' title='bbox 372 2490 429 2542; x_wconf 92' lang='lat' dir='ltr'>est.</span> <span class='ocrx_word' id='word_1_258' title='bbox 460 2483 539 2541; x_wconf 88' lang='lat' dir='ltr'>Vota</span> <span class='ocrx_word' id='word_1_259' title='bbox 574 2483 711 2542; x_wconf 90' lang='lat' dir='ltr'>homines</span> <span class='ocrx_word' id='word_1_260' title='bbox 740 2484 861 2562; x_wconf 90' lang='lat' dir='ltr'>parcius</span> <span class='ocrx_word' id='word_1_261' title='bbox 898 2484 1044 2546; x_wconf 87' lang='lat' dir='ltr'>lacerent.</span> <span class='ocrx_word' id='word_1_262' title='bbox 1079 2483 1102 2540; x_wconf 88' lang='lat' dir='ltr'>si</span> <span class='ocrx_word' id='word_1_263' title='bbox 1140 2483 1241 2562; x_wconf 87' lang='lat' dir='ltr'>palam</span> 
     </span>
    </p>
   </div>
   <div class='ocr_carea' id='block_1_10' title="bbox 1091 4220 1238 4254">
    <p class='ocr_par' dir='ltr' id='par_1_10' title="bbox 1091 4220 1238 4254">
     <span class='ocr_line' id='line_1_39' title="bbox 1091 4220 1238 4254; baseline 0 -1"><span class='ocrx_word' id='word_1_264' title='bbox 1091 4251 1096 4253; x_wconf 92' lang='lat'>.</span> <span class='ocrx_word' id='word_1_265' title='bbox 1109 4237 1121 4253; x_wconf 82' lang='lat'>.·.</span> <span class='ocrx_word' id='word_1_266' title='bbox 1128 4220 1238 4254; x_wconf 48' lang='lat' dir='ltr'>...Ast-l...</span> 
     </span>
    </p>
   </div>
  </div>
 </body>
</html>
