2682 4258
550 161 674 200 MORALB.
699 173 735 185 ··
758 159 942 200 Pultosorffls
1015 177 1018 188 r

232 270 339 349 longas
351 277 383 331 et
395 271 559 350 pererratis
574 271 717 331 litoribus
732 271 839 331 alienis
850 293 934 330 seros
945 292 976 330 m
999 272 1128 352 patriam
1152 271 1229 331 redi·
1324 300 1325 312 κ

192 443 196 452 ,
232 374 282 427 tus
302 367 513 448 proponimus,
540 368 680 427 militiam
700 376 731 427 et
754 369 954 428 castrensium
979 368 1132 435 laborum,
1147 369 1231 450 tarda

161 451 166 466 ’
232 464 425 544 manipretia,
446 449 678 544 procurationes
704 465 936 545 officiorumque
958 486 1020 546 per,
1040 465 1139 524 officia
1162 485 1232 546 pro-
1324 473 1325 524 f

231 580 359 621 cessus:
381 582 451 621 cum
483 561 606 620 interim
634 560 672 620 ad
696 562 776 621 latus
806 583 888 621 mors
915 569 972 634 est,
992 582 1060 641 quae
1084 562 1231 640 quoniam

232 678 400 737 numquam
418 659 571 735 cogitatur
595 659 652 716 nisi
671 659 780 730 aliena,
796 659 925 718 subinde
940 658 1028 717 nobis
1050 658 1234 736 ingeruntur

232 754 428 813 mortalitatis
450 755 587 834 exempla
614 747 678 812 non³
704 755 831 826 diutius,
860 777 950 835 quarn
975 747 1048 813 duni
1073 755 1230 826 miramur,

232 851 363 909 haesura.
391 851 471 932 Quid
493 859 594 910 autem
621 852 746 911 stultius
773 873 864 932 quam
890 849 994 910 mirari
1015 851 1046 910 id
1080 851 1144 910 ullo
1182 851 1232 910 die

229 948 359 1019 lactum,
384 947 465 1027 quod
488 949 572 1007 omni
595 955 699 1027 potest
720 949 812 1008 fieri?
836 949 904 1008 Stat
930 948 1054 1028 quidem
1082 947 1233 1016 terminus

231 1043 332 1114 nobis,
350 1045 401 1103 ubi
418 1045 504 1104 illum
526 1045 722 1104 inexorabilis
740 1045 872 1105 latorum
900 1046 1065 1104 necessitas
1079 1044 1163 1118 lixit3
1179 1044 1232 1103 sed
1325 1049 1326 1052 ’

233 1161 324 1199 nemo
352 1142 410 1200 scit
441 1149 580 1201 nostrum
604 1162 695 1221 quam
718 1162 814 1223 prope
838 1149 979 1201 versetur
998 1143 1158 1202 terminus.
1182 1142 1234 1224 Sic

232 1238 336 1319 itaque
361 1237 530 1298 formemus
555 1238 703 1312 animum,
727 1246 885 1319 tamquam
901 1238 940 1298 ad
954 1245 1090 1299 extrema
1104 1223 1232 1297 ventum

232 1334 282 1396 sit.

234 1463 237 1468 ¹
266 1493 352 1553 468.
366 1496 549 1564 Regarde,
567 1497 703 1552 eutour
717 1497 761 1610 de
776 1493 829 1552 tol
841 1496 923 1552 tout
936 1506 1140 1553 summense
1155 1495 1194 1550 et

624 1584 704 1640 tout
725 1595 834 1641 euse.

292 1684 419 1768 (Viden’
437 1694 470 1748 ut
490 1686 595 1748 omnia
612 1687 731 1747 circum
751 1686 907 1770 incipiant
923 1694 952 1748 et
972 1685 1170 1767 senescant?)

166 1851 207 1914 3⁰
237 1851 287 1939 J«
304 1854 470 1914 Molestum
488 1861 545 1927 est,
566 1854 680 1936 inquis,
704 1863 833 1916 mortem
854 1862 925 1914 ante
944 1854 1057 1914 oculos
1071 1853 1232 1914 habere.»

233 1945 368 2011 Primum
381 1951 437 2011 ista
452 1952 596 2012 tam'seni
612 1960 682 2012 ante
696 1952 803 2012 oculos
818 1951 910 2011 debet
924 1963 1095 2031 essequam
1108 1951 1231 2032 juveni,

233 2043 301 2124 Non
315 2048 395 2107 enim
413 2048 545 2108 citamur
558 2069 714 2111 exsensu.
735 2048 853 2108 Deinde
870 2068 963 2108 nemo
980 2055 1042 2108 tam
1062 2067 1156 2106 senex
1173 2055 1230 2120 est,

232 2125 267 2204 ut
287 2139 425 2224 improbe
443 2167 538 2205 unum
559 2145 640 2204 diem
662 2131 775 2225 speret.
803 2144 890 2212 Unus
910 2152 1012 2204 autem
1033 2143 1098 2203 dies
1118 2144 1234 2222 gradus
1328 2149 1329 2168 ¹

231 2236 317 2329 §ritae
332 2250 389 2302 est.
407 2243 485 2301 'l'ota
505 2250 586 2301 aetas
603 2242 744 2321 partibus
765 2248 887 2301 constat
908 2248 939 2301 et
956 2241 1044 2300 orbes
1058 2240 1153 2300 habet
1173 2241 1234 2300 cir·
1328 2231 1329 2278 i

230 2328 412 2398 cunrductos
425 2339 555 2419 majores
568 2339 755 2402 minoribus:
769 2345 816 2398 est
827 2339 949 2418 aliquis,
964 2339 1016 2418 qui
1028 2358 1134 2396 omnes
1146 2358 1233 2396 com-

231 2435 384 2514 plectatur
394 2443 424 2494 et
434 2435 547 2512 cingat.
558 2421 621 2494 'Hic
632 2436 789 2516 pertineta
798 2436 891 2494 natali
905 2435 943 2494 ad
953 2434 1033 2494 diem
1045 2441 1230 2494 extremum.

232 2532 286 2591 Est
301 2532 386 2604 alter,
402 2533 453 2612 qui
470 2553 567 2591 annos
587 2531 812 2592 adulescentiae
832 2531 978 2591 excludit.
997 2532 1051 2590 Est
1064 2531 1117 2611 qui
1132 2537 1231 2590 totam

231 2629 393 2709 pueritiam
408 2629 524 2688 ambitu
540 2650 596 2688 suo
607 2629 781 2707 adstringit.
793 2629 847 2688 Est
857 2627 969 2687 deinde
980 2649 1035 2708 per
1049 2648 1188 2687 seannus
1198 2629 1231 2686 in

231 2747 263 2785 se
282 2722 391 2785 omnia
406 2726 567 2787 continens
582 2732 878 2805 tempora,quorum
894 2724 1152 2804 multiplicatione
1166 2725 1232 2784 vita

230 2823 437 2903 componitur.
460 2822 575 2880 Mensis
592 2822 705 2881 artiore
725 2821 934 2901 praecingitur
955 2821 1083 2882 circulo,
1108 2823 1232 2899 Angus-

231 2920 380 2990 tissimum
396 2919 489 2986 habet
503 2920 567 2978 dies
582 2939 705 3000 gyrum,
722 2918 775 2976 sed
790 2925 821 2977 et
831 2919 880 2978 hic
893 2919 930 2978 ab
945 2918 1035 2979 initio
1054 2918 1092 2977 ad
1112 2918 1232 2980 exitum

231 3017 324 3086 venit,
341 3016 378 3075 ab
393 3023 464 3075 ortu
476 3016 514 3074 ad
532 3036 685 3075 occasum.
702 3014 775 3075 ldeo
796 3015 979 3088 Heraclitus,
995 3014 1044 3074 cui
1057 3034 1232 3093 cognomen

230 3105 303 3172 lecit
323 3113 469 3172 orationis
489 3113 671 3184 obscuritas
696 3137 710 3168 «
728 3133 807 3171 unus
827 3112 902 3185 dies,
928 3111 1040 3193 inquit,
1066 3133 1120 3192 par
1143 3114 1232 3172 omni

229 3217 295 3270 est,
314 3211 429 3268 »Alius
446 3210 489 3268 ait
504 3230 606 3289 parem
622 3193 688 3268 esse
710 3230 805 3269 unum
821 3209 900 3268 diem
923 3209 1066 3268 omnibus
1086 3209 1232 3269 similitu-

230 3307 301 3365 dine
320 3324 327 3366 :
347 3307 422 3365 nihil
440 3305 520 3364 enim
537 3307 629 3365 habet
641 3306 812 3384 longissimi
827 3306 975 3386 temporis
987 3305 1130 3387 spatium,
1145 3306 1231 3386 quod

231 3409 337 3461 nonet
354 3403 459 3460 inuno
484 3403 533 3462 die
551 3403 700 3476 invenias,
724 3403 823 3462 lucem
848 3410 880 3462 et
896 3410 1017 3463 noctem
1043 3409 1074 3462 et
1096 3403 1232 3466 alternas

229 3500 335 3558 mundi
347 3500 430 3557 vices
447 3518 453 3560 :
473 3500 559 3579 plura
581 3500 655 3560 lacit
674 3500 742 3572 ista,
760 3520 822 3558 non
842 3498 911 3567 alia,
933 3499 1007 3560 alias
1026 3501 1230 3576 contractior,

229 3595 302 3655 alias
329 3595 518 3675 productior.
543 3595 663 3677 Itaque·¹
679 3596 721 3656 sic
740 3596 929 3655 ordinandus
954 3604 1000 3656 est
1025 3595 1090 3654 dies
1114 3587 1230 3672 omnis,

228 3691 386 3774 tamquam
401 3699 491 3771 cogat
501 3714 609 3771 agmen
626 3698 659 3753 et'
669 3701 862 3753 consummet
878 3700 970 3773 atque
986 3691 1108 3772 expleat
1118 3679 1227 3756 vitam.¹

644 3878 802 3929 .-340-
