2682 4258
498 207 538 247 ut
554 206 601 244 vus
622 189 729 243 rarre's-
743 205 797 245 eus·
815 205 941 242 nonnius
970 164 976 182 i

405 493 492 553 478.
516 491 807 562 superroratam
825 493 910 549 vrai
930 505 1032 562 sege.

393 629 395 636 i
428 658 562 741 (Quanto
582 659 692 720 ceteris
713 659 836 740 sapiens
853 659 1013 744 praestet.)

155 977 206 1037 Rb.
262 975 337 1043 Quis
369 984 477 1056 putare
500 974 572 1036 vere
596 983 699 1057 potest
724 977 793 1056 plus
816 977 914 1054 egisse
945 975 1127 1056 Dionysium
1153 981 1222 1034 tum

222 1091 292 1134 cum
321 1073 423 1132 omnia
452 1073 778 1152 moliendo'eripuerit
804 1072 922 1132 civibus
944 1073 1007 1131 suis
1035 1073 1221 1142 libertatem,

222 1189 314 1248 quam
326 1151 392 1250 ejus
404 1170 501 1228 civem
517 1170 745 1242 Archimedem,
758 1189 827 1232 cum
846 1169 934 1228 istam
949 1171 1045 1248 ipsam
1057 1169 1221 1248 sphaeram,

222 1265 260 1330 de
272 1287 330 1346 qua
341 1266 433 1324 modo
444 1266 613 1339 dicebatur,
628 1267 702 1324 nihil
714 1287 783 1325 cum
795 1287 884 1344 agere
896 1267 1063 1333 videretur,
1075 1263 1228 1324 effecerit?

223 1362 298 1430 Quis
310 1372 412 1422 autem
428 1384 489 1422 non
503 1364 600 1442 magis
615 1364 696 1422 solos
711 1385 787 1434 esse,
799 1364 852 1444 qui
865 1363 895 1421 in
910 1364 976 1422 foro
988 1363 1140 1443 turbaque
1155 1363 1223 1443 qui-

223 1479 294 1522 cum
307 1460 442 1539 colloqui
460 1460 554 1519 libeat
575 1481 637 1519 non
657 1460 800 1532 habeant,
822 1481 914 1540 quam
932 1461 985 1539 qui
1005 1460 1090 1520 nullo
1104 1460 1224 1518 arbitro

224 1556 273 1614 vel
286 1577 388 1615 secum
408 1557 466 1636 ipsi
486 1557 664 1638 loquantur,
684 1557 733 1615 vel
753 1556 840 1637 quasi
860 1557 1107 1615 doctissimorum
1123 1556 1225 1614 bomi-

184 1669 190 1685 ·
224 1674 296 1733 num
312 1653 344 1710 in
357 1654 488 1712 concilio
503 1653 615 1724 adsint,
633 1674 702 1712 cum
720 1674 825 1712 eorum
843 1654 978 1712 inventis
996 1653 1178 1733 scriptisque
1190 1674 1224 1712 se

154 1744 157 1749 ¹
223 1751 401 1827 oblectent?
423 1750 496 1816 Quis
518 1771 591 1808 vero
612 1750 787 1809 divitiorem
809 1770 994 1829 quemquam
1014 1757 1113 1829 putet,
1126 1769 1222 1830 quam

224 1867 292 1909 eum
313 1847 362 1905 cui
385 1846 462 1904 nihil
490 1846 569 1904 desit
588 1847 671 1926 quod
690 1845 818 1926 ,quidem
837 1855 944 1907 natura
973 1845 1153 1906 desideret?
1170 1855 1226 1906 aut

224 1944 441 2023 potentiorem,
461 1963 552 2021 quam
574 1943 669 2001 illum'
682 1943 734 2023 qui
752 1943 853 2002 omnia
873 1964 952 2022 quae
971 1949 1095 2021 expetat
1113 1963 1226 2002 conse-

223 2040 358 2119 quatur?
374 2047 427 2098 aut
444 2038 622 2108 beatiorem,
636 2047 735 2118 'quam
758 2040 810 2119 qui
830 2039 870 2098 sit
888 2040 971 2097 omni
991 2038 1225 2118 perturbatione

207 2182 209 2188 ,
229 2137 324 2207 animi
351 2135 522 2195 liberatus?
537 2144 590 2196 aut
609 2136 742 2195 firmiore
751 2137 887 2207 fortuna,
904 2156 994 2215 quam
1006 2136 1065 2214 ‘qui
1078 2156 1112 2193 ea
1125 2137 1226 2215 possi-

198 2245 201 2254 ‘
225 2233 294 2295 deat
310 2253 377 2311 quae
398 2251 512 2305 secum,
533 2241 567 2291 ut
584 2234 681 2302 aiunt,
699 2233 747 2291 vel
765 2255 780 2292 e
801 2233 961 2310 naufragio
980 2232 1074 2312 possit
1093 2233 1227 2293 efferre?

224 2328 311 2396 Quod
334 2338 435 2386 autem
463 2330 637 2408 imperium,
666 2330 718 2407 qui
746 2329 954 2406 magistratus
978 2328 1060 2408 quod
1095 2349 1225 2407 regnum

223 2431 326 2506 potest
336 2446 400 2482 esse
412 2425 619 2503 praestantius
632 2447 722 2504 quum
733 2425 952 2504 despicientem
963 2425 1066 2484 o'mnia
1077 2425 1224 2499 humana,

223 2529 253 2583 et
268 2521 412 2580 inferiora
426 2522 576 2601 sapientia
594 2522 770 2593 ducentem,
787 2521 860 2579 nibil
878 2542 1022 2602 umquam
1038 2522 1097 2580 nisi
1111 2523 1226 2601 sempi-

224 2627 352 2678 ternum
370 2626 400 2676 et
424 2618 561 2692 divinum
593 2619 696 2677 animo
717 2617 879 2676 volutare?
910 2619 960 2678 cui
979 2639 1159 2696 persuasum,
1185 2620 1225 2678 sit

166 2709 169 2718 ¹
230 2715 376 2795 appellari
391 2723 509 2773 ceteros
529 2714 680 2787 homines,
701 2736 767 2773 esse
787 2715 869 2772 solos
888 2735 940 2772 eos
960 2715 1013 2793 qui
1024 2722 1125 2773 essent
1135 2716 1225 2794 politi

224 2813 358 2892 propriis
371 2811 571 2896 humanitatis
581 2811 713 2871 artibus
726 2812 769 2870 Ut
784 2811 859 2868 mihi
874 2811 1009 2869 Platonis
1020 2811 1094 2869 illud
1110 2812 1226 2890 perele-

223 2931 298 2988 gans
328 2930 392 2967 esse
413 2909 565 2980 videatur,
581 2929 671 2987 quem
698 2928 766 2965 cum
793 2929 828 2966 ex
855 2907 917 2966 alto
935 2907 1054 2984 ignotas
1073 2907 1112 2966 ad
1126 2915 1225 2968 terras

223 3013 390 3085 tempestas
419 3013 449 3063 et
478 3005 511 3062 in
542 3005 696 3064 desertum
736 3004 808 3064 litus
846 3003 1017 3076 detulisset,
1043 3005 1226 3066 timentibus

224 3103 332 3178 ceteris
361 3109 500 3181 propter·
531 3103 753 3180 ignorationem
786 3100 935 3167 locorum,
966 3101 1225 3162 animadvertisse

224 3200 334 3262 dicunt
345 3199 373 3255 in
388 3219 478 3256 arena
494 3199 694 3276 geometricas
711 3198 824 3256 formas
847 3197 994 3276 quasdam
1011 3217 1076 3255 esse
1090 3199 1226 3279 descrip-

226 3301 280 3374 tas,
306 3317 381 3376 quas
398 3303 431 3353 ut
445 3295 583 3367 vidisset,
603 3295 820 3354 exclamavisse
838 3302 872 3352 ut
886 3293 968 3352 bono
982 3301 1083 3352 essent
1100 3292 1220 3360 animo,

231 3394 329 3452 ridere
346 3393 426 3450 enim
447 3413 478 3451 se
500 3392 658 3450 bominum
677 3391 806 3467 vestigia
824 3409 829 3449 :
844 3411 911 3468 quae
924 3375 1069 3449 videlicet
1091 3389 1141 3449 ille
1162 3413 1225 3450 non

224 3511 261 3549 cx
278 3490 342 3567 agri
359 3489 527 3562 consitura,
547 3509 638 3568 quam
652 3487 806 3558 cernebat,
821 3487 873 3545 sed
888 3507 925 3545 ex
939 3487 1087 3546 doctrinae
1102 3486 1228 3547 indiciis

224 3587 495 3666 interpretabatur.
