2670 4252
349 174 384 210 La
405 174 534 212 FAMILLE.
557 190 596 198 -
616 177 664 212 LES
686 175 820 213 barenas.
844 191 882 198 -
903 176 951 213 Lus
973 175 1101 212 Pnusnrs

305 283 429 343 Detinet
450 292 587 344 extremo
608 294 690 344 terra
712 286 811 345 aliena
834 285 910 345 solo.

263 379 378 439 Multas
401 401 455 459 per
476 390 581 459 gentes
603 390 634 440 et
655 383 751 442 multa
774 403 829 462 per
850 404 982 463 aequora
1004 390 1113 442 vectus

302 476 444 537 Advenio
467 478 521 537 has
543 480 680 550 miserae,
704 480 808 552 frater,
833 481 870 539 ad
893 480 1032 553 inseriae,

265 572 307 631 Ut
329 580 358 632 te
380 581 536 653 postremo
558 576 705 635 donarem
728 597 855 635 munere
877 576 996 648 mortis,

304 670 344 728 Et
364 678 484 729 mutum
507 673 715 753 nequidquam
738 674 912 753 alloquerer
933 673 1087 733 cinerem:

264 766 521 847 Quandoquidem
543 769 668 828 fortuna
690 771 766 828 mibi
788 778 849 828 tete
871 770 999 830 abstulit
1019 770 1132 849 ipsum,

304 864 371 922 Heu
394 865 486 924 miser
506 867 632 944 indigne
655 867 749 926 frater
771 868 913 946 adempte
935 867 1011 926 mihi
1029 869 1035 926 l

263 960 355 1019 Nunc
377 968 481 1020 tamen
504 962 631 1034 interea,
656 965 757 1042 prisco
779 985 847 1043 quae
869 985 954 1023 more
977 968 1141 1042 parentum

302 1055 427 1116 Tradita
449 1066 522 1118 sunt
543 1060 647 1118 tristes
669 1081 794 1119 munera
816 1061 854 1118 ad
878 1061 1014 1132 inferias,

261 1153 377 1232 Accipe
399 1139 535 1214 fraterno
558 1156 689 1215 multum
712 1158 867 1215 manantia
891 1159 975 1227 lletu,

300 1252 405 1332 ¹Atque
427 1249 459 1308 in
482 1258 675 1331 perpetuum,
700 1254 805 1325 frater,
829 1273 885 1313 ave
907 1263 999 1332 atque
1020 1253 1100 1314 vale.

395 1445 452 1500 11.
473 1446 543 1502 Sur
558 1445 596 1501 la
610 1448 706 1502 mort
721 1447 824 1504 d’une
834 1447 944 1516 Jeuue
962 1447 1048 1504 fille.

368 1548 427 1628 (De
443 1549 554 1629 puella
577 1549 745 1610 immatura
768 1560 866 1611 morte
887 1550 1082 1632 intercepta.)

157 1679 198 1743 3⁰
263 1697 469 1757 Tristissimus
509 1699 575 1758 haec
611 1701 672 1758 tibi
709 1701 819 1773 scribo,
856 1701 997 1761 Fundani
1032 1700 1131 1759 nostri
1167 1699 1230 1758 lilia

224 1793 343 1854 minore
355 1795 517 1856 defuncta:
536 1818 595 1876 qua
612 1798 713 1876 puella
730 1798 805 1856 nibil
814 1819 962 1877 umquam
976 1797 1129 1868 festivius,
1146 1816 1217 1854 ama

224 1890 327 1962 bilius,
352 1913 407 1951 nec
435 1893 528 1951 modo
549 1893 687 1972 longiore
708 1895 782 1967 vita,
805 1895 858 1953 sed
882 1916 978 1974 prope
998 1894 1232 1954 immortalitate

125 1981 127 1988 ¹
226 1988 351 2066 dignius
367 1989 443 2048 vidi.
461 1990 605 2048 Nondum
623 2012 720 2049 annos
735 1991 970 2071 quatuordecim
989 1992 1182 2070 impleverat,
1199 1997 1233 2046 et
1274 2035 1276 2040 .

219 2085 285 2165 jam
303 2086 346 2143 illi
363 2087 452 2144 anilis
469 2087 642 2165 prudentia,
657 2089 834 2147 matronalis
847 2089 1067 2165 gravitaserat,
1084 2095 1232 2146 ettamen

229 2183 368 2241 suavitas
384 2184 529 2262 puellaris
542 2205 612 2242 cum
628 2185 770 2261 virginali
786 2185 983 2244 verecundia.
1005 2185 1047 2243 Ut
1070 2184 1120 2242 illa
1134 2182 1233 2261 patris
1324 2259 1325 2262 Ἴ

223 2279 397 2337 cervicibus
414 2279 601 2340 inhaerebat!
620 2289 654 2340 ut
669 2282 850 2340 nosamieos
872 2290 1017 2362 paternos
1041 2289 1073 2340 et
1093 2289 1234 2338 amanter
1324 2327 1325 2350 ,

223 2382 255 2433 et
276 2376 415 2434 modeste
440 2377 721 2456 complectebatur!
743 2387 777 2437 ut
802 2379 949 2448 nutriceS,
975 2387 1009 2436 ut
1032 2378 1231 2456 paedagogOS,
1324 2383 1325 2462 J

137 2506 139 2512 .
224 2479 259 2531 ut
272 2481 493 2552 praeceptores,
509 2496 564 2553 pro
585 2495 640 2533 suo
656 2496 808 2554 quemque
821 2476 933 2547 oflici0,
951 2475 1115 2552 diligebat!
1132 2473 1234 2540 Quam
1324 2471 1325 2508 t

223 2569 372 2641 studiose,
398 2591 489 2648 quam
513 2571 728 2649 intellegenter
748 2571 924 2631 lectitabat!
943 2579 977 2630 ut
991 2592 1082 2651 parce
1098 2568 1235 2628 custodi·
1324 2581 1325 2588 ’

223 2672 314 2744 teque
335 2666 479 2726 ludebat!
508 2667 575 2734 Qua
599 2667 651 2727 illa
669 2670 882 2747 temperantia,
909 2689 968 2748 qua
990 2667 1233 2747 patientiaque

223 2763 314 2821 etiam
336 2764 514 2823 constantia
538 2765 736 2824 novissimam
759 2765 969 2824 valetudinem
989 2755 1077 2823 tulit!
1101 2761 1235 2822 Medicis

223 2860 469 2939 obsequebatur3
495 2882 646 2934 sororem,
674 2870 792 2941 patrem
813 2862 1047 2935 adhortabatur,
1072 2862 1234 2940 ipsamque

223 2977 254 3014 se
269 2957 449 3015 destitutam
475 2958 612 3036 corporis
630 2958 753 3016 viribus
772 2959 878 3035 vigore
898 2959 993 3017 animi
1009 2958 1190 3016 sustinebat.
1206 2956 1233 3014 0

223 3053 309 3112 triste
337 3054 428 3132 plane
455 3057 661 3134 acerbumque
693 3055 805 3114 funus!
837 3075 855 3113 o
888 3062 987 3114 morte
1026 3055 1092 3134 ipsa
1124 3052 1236 3111 mortis

223 3154 345 3230 ternpus
362 3151 534 3228 indignius!
550 3151 619 3210 Jam
635 3152 792 3210 destinata
816 3159 881 3210 erat
899 3153 1021 3229 egregio
1032 3151 1153 3231 juveni,
1167 3149 1233 3229 jam

223 3246 340 3305 electus
362 3249 539 3326 nuptiarum
557 3248 633 3323 dies,
657 3250 721 3329 jam
744 3270 799 3307 nos
823 3249 938 3307 vocati.
966 3249 1057 3315 Quod
1084 3246 1234 3325 gaudium

223 3364 284 3422 quo
304 3364 432 3402 maerore
454 3353 607 3404 mutatum
629 3348 692 3404 est!
708 3345 778 3404 Non
797 3366 921 3425 possum
940 3345 1112 3424 exprimere
1128 3343 1236 3402 verbis

223 3446 373 3519 quantum
387 3441 490 3498 animo
503 3440 620 3499 vulnus
636 3442 817 3520 acceperim,
835 3463 904 3500 cum
925 3443 1030 3501 audivi
1048 3441 1235 3501 Fundanum

223 3537 325 3616 ipsum
350 3535 398 3616 (ut
426 3538 523 3596 multa
541 3539 682 3597 luctuosa
714 3539 802 3597 dolor
826 3539 954 3618 invenit)
979 3537 1233 3619 praecipientem,

222 3634 307 3712 quod
340 3634 372 3691 in
397 3641 511 3707 vestes,
537 3637 728 3712 margaritae,
755 3657 891 3712 gemmas
917 3636 1018 3695 luerat
1038 3641 1233 3714 erogaturus,

228 3729 286 3789 boc
301 3730 333 3788 in
349 3737 398 3789 tus
414 3737 445 3789 et
458 3739 615 3809 unguenta
632 3740 661 3790 et
674 3733 785 3791 odores
799 3733 1040 3812 impenderetur.

663 3892 785 3942 -8-
