2678 4250
281 146 286 154 =
336 193 419 251 262.
433 194 487 248 La
508 191 599 248 villa
621 193 666 246 de
685 191 875 258 vopiscus.

444 296 502 378 (De
526 293 649 377 Vopisci
670 293 770 373 villa.)

116 454 269 532 Ingenium
291 476 382 535 quam
405 455 479 514 mite
501 454 585 514 solol
609 475 687 534 quae
709 451 806 512 lorma
827 451 947 533 beatis
1117 448 1170 504 Rh.

21 615 22 618 Ἴ
115 553 182 610 Arte
204 571 315 610 manus
334 551 472 631 facieque
493 550 587 610 locis!
611 549 680 610 Non
702 549 816 628 largius
840 568 969 628 usquam

20 643 22 694 i
113 647 241 707 lndulsit
263 654 370 707 natura
394 649 463 707 sibi.
488 649 620 707 Nemora
643 647 703 706 alta
725 645 827 704 citatis

20 743 29 767 *¹
116 745 280 804 Incubuere
301 746 403 818 vadis3
428 744 522 803 fallax
543 750 705 824 responsat
727 743 828 820 imago

116 840 347 913 Frondibus,'et
367 841 475 921 longas
498 841 603 900 eadem
632 840 713 917 sugit
735 840 816 898 unda
836 859 893 918 per
914 821 1047 896 umbras.
1083 896 1085 902 ,

21 965 22 982 2
117 937 178 1016 lpse
200 939 299 998 Anien
320 939 472 1018 (miranda
495 937 583 1015 fides)
605 937 746 1021 infraque
768 956 919 1015 superque

115 1033 225 1094 Saxeus
246 1035 296 1093 bic
317 1035 467 1093 tumidam
489 1035 605 1093 rabiem
628 1033 834 1113 spumosaque
855 1031 944 1114 ponit

119 1130 285 1199 Murmura,
309 1151 365 1190 ceu
388 1130 499 1210 placidi
522 1131 638 1189 veritus
659 1129 783 1188 turbare
804 1128 927 1208 Vopisci

120 1227 293 1308 Pieriosque
315 1229 380 1287 dies
392 1236 423 1286 et
444 1226 560 1286 alentes
581 1227 715 1285 carmina
737 1245 872 1284 somnos.

117 1323 190 1390 Quid
212 1324 345 1403 primum
368 1325 544 1383 mediumve
565 1344 684 1394 canam,
708 1331 777 1402 quo'
792 1322 851 1380 fine
873 1320 1047 1400 quiescam?

118 1423 283 1480 Auratasne
305 1420 419 1489 trabes,
441 1441 479 1479 an
503 1420 627 1478 Mauros
649 1419 786 1498 undique
807 1424 921 1497 postea,

118 1519 160 1574 An
182 1517 334 1596 picturata
355 1517 490 1576 lucentia
512 1532 662 1576 marmora
685 1536 762 1574 vena

119 1612 219 1686 Mirer,
243 1634 282 1672 an
303 1615 429 1673 emissas
451 1605 506 1693 per
526 1620 636 1672 cuncta
658 1612 770 1671 cubilia
792 1610 955 1690 lymphas?

119 1709 182 1768 Huc
204 1710 312 1782 oculis,
336 1710 396 1770 huc
418 1717 519 1769 mente
541 1711 656 1770 trahor.
680 1709 862 1768 Venerabile
883 1708 984 1766 dicam

118 1806 264 1875 Lucerum
287 1808 429 1866 senium?
451 1815 491 1878 te,
517 1828 594 1886 quae
618 1805 852 1876 vadalluminis
875 1805 953 1863 infra

118 1901 231 1976 Cernis,
254 1925 292 1962 an
315 1905 353 1964 ad
376 1904 468 1981 sil-vas
491 1891 568 1985 quae
591 1903 727 1982 respicis,
751 1901 830 1974 aula,
854 1904 1013 1960 tacentes?

119 1999 184 2058 Vidi
207 2009 286 2062 artes
313 2009 514 2081 veterumque
536 2022 644 2059 manus
667 2000 820 2080 variisque
842 1996 965 2056 metalla

120 2094 192 2156 Viva
214 2098 314 2156 modis
349 2098 448 2156 Labor
469 2105 514 2156 est
537 2097 603 2156 auri
626 2117 794 2154 memorare
816 2095 939 2173 figuras,

121 2194 178 2250 Aut
198 2195 273 2252 ebur
294 2203 347 2253 aut
367 2195 475 2272 dignas
497 2195 599 2273 digitis
621 2194 799 2272 contingere
825 2211 971 2269 gemmas,
989 2185 992 2191 ’
1076 2175 1081 2193 ⁷

121 2288 269 2370 Quidquid
292 2298 322 2350 et
345 2299 472 2368 argento
495 2292 638 2370 primum,
665 2290 710 2348 vel
733 2291 763 2348 in
786 2311 844 2348 aare
866 2287 976 2346 minori

123 2385 202 2445 Lusit
222 2395 253 2446 et
275 2409 415 2447 enormes
438 2409 546 2446 manus
564 2395 609 2446 est
631 2395 756 2466 experta
777 2386 924 2446 colossos.

359 2615 442 2674 263.
456 2617 533 2672 Une
546 2614 639 2671 villa
652 2615 697 2669 de
714 2613 866 2682 Trajan.

271 2717 375 2800 (Villa
398 2717 554 2800 quaedam
584 2717 717 2799 Trajani
742 2715 955 2798 describitur.)

158 2877 385 2937 Adhibebamur
399 2877 538 2957 quotidie
552 2897 650 2950 cenae3
666 2877 817 2936 interdum
829 2861 1001 2935 acroamata
1010 2876 1114 2934 audie·
1141 2879 1181 2944 2⁰

125 2970 239 3046 bamus3
262 2976 418 3033 interdum
438 2974 672 3054 jucundissimis
697 2973 889 3033 sermonibus
904 2994 965 3032 nox
984 2972 1117 3036 duceba-

129 3075 181 3129 tur.
194 3071 322 3130 Summo
335 3071 395 3143 die,
409 3069 594 3130 abeuntibus
617 3071 704 3129 nobis
719 3071 793 3149 (tam
808 3070 938 3148 diligens
949 3071 978 3127 in
996 3069 1117 3128 Caesare

128 3163 305 3248 humanitas)
320 3168 408 3226 xenia
422 3175 494 3226 sunt
508 3169 611 3227 missa.
629 3167 688 3224 Sed
704 3166 790 3236 mihi,
813 3175 847 3225 ut
862 3167 996 3244 gravitas
1012 3166 1118 3244 cogni-

129 3259 246 3338 tionum,
262 3264 384 3324 eonsilii
400 3264 509 3335 honor,
529 3265 665 3322 suavitas
684 3262 924 3342 simplicitasque
942 3263 1116 3335 convictuS,

129 3354 164 3416 iu
176 3359 258 3420 locus
273 3362 339 3440 ipse
352 3361 563 3441 perjucundus
580 3360 647 3420 luit.
664 3360 744 3418 Villa
759 3359 964 3438 pulcherrima
984 3359 1119 3438 cingitur

130 3453 311 3516 viridissimis
328 3458 409 3536 agris
427 3476 433 3516 ε
454 3457 593 3515 imminet
616 3456 710 3530 litori,
739 3457 827 3535 cujus
839 3457 869 3513 in
897 3456 965 3514 sinu
992 3457 1026 3514 fit
1047 3477 1117 3515 cum

90 3553 98 3570 ¹
130 3553 247 3612 maxime
269 3562 387 3634 portus.
415 3555 515 3636 Hujus
545 3554 703 3612 sinistrum
734 3552 911 3611 bracehium
943 3553 1118 3613 firmissimo

130 3663 210 3722 opere
220 3651 372 3710 munitum
386 3657 449 3725 est;
477 3651 619 3709 dextrum
634 3650 819 3708 elaboratur.
839 3651 874 3707 ln
889 3671 941 3709 ore
955 3658 1061 3730 portus
1074 3650 1119 3706 in·

130 3741 190 3800 sula
215 3748 355 3826 assurgit,
372 3768 441 3828 quae
457 3746 577 3805 illatum
599 3753 693 3804 vento
707 3767 788 3805 mare
818 3746 963 3827 objacens
984 3747 1116 3822 frangat,

537 3931 695 3981 ..laa-
