2682 4258
481 181 584 217 nsvin
605 163 707 217 rnrvrin
729 179 779 216 ons
801 178 928 215 norimus

205 297 322 349 catenae
344 290 471 368 illigata,
495 312 566 350 cum
582 290 694 371 injecta
722 311 821 371 prorae
843 297 923 349 esset
943 289 1091 371 gravique
1113 288 1218 348 libra-

205 393 310 446 mento
344 387 463 466 plumbi
509 388 667 447 recelleret
701 387 740 446 'ad
769 388 880 458 solum,
922 407 1069 467 suspensa
1102 405 1215 465 {prora

205 504 315 542 navem
333 483 364 542 in
379 485 508 564 puppim
524 484 693 556 statuebam
707 483 788 555 dein,
804 483 931 542 remissa
946 482 1216 551 subicerentur

205 599 293 639 muro
307 581 466 640 cadentem
483 600 592 640 navem
607 602 676 641 cum
692 580 808 659 ingenti
824 580 1030 659 trepidatione
1043 587 1215 638 nautarum

205 677 248 736 ita
268 678 358 736 undae
378 679 543 756 affligebat,
570 685 614 749 ut,
637 678 755 736 etiamsi
780 685 863 737 recta
888 677 1048 749 recideret,
1068 676 1219 756 aliquan·

205 782 271 832 tum
292 795 379 855 aquae
400 776 564 854 acciperet.
597 775 642 834 lta
668 774 819 833 maritima
838 773 1029 853 oppugnatio
1048 781 1094 833 est
1109 774 1213 844 elusa,

206 871 368 950 omnisque
388 891 456 950 spes
472 893 507 930 eo
527 877 665 932 versant
688 871 763 930 totis
778 869 896 929 viribus
914 880 993 928 terra
1005 869 1215 949 aggrederen-

205 973 268 1027 tur.
286 967 391 1026 Sedes
406 988 529 1048 quoque
544 989 614 1048 pars
634 969 742 1027 eodem
764 967 848 1026 omni
868 974 1016 1046 apparatu
1037 973 1216 1026 tormento-

206 1084 274 1121 rum
284 1063 438 1144 ·instructa
454 1072 531 1139 erat,
548 1065 692 1124 Hieronis
711 1065 864 1144 impensis
875 1083 1009 1144 curaque
1025 1084 1080 1144 per
1091 1063 1214 1122 multos

206 1180 313 1232 annos,
330 1161 525 1220 Archimedis
540 1162 631 1220 unica
647 1168 722 1222 arte.

113 1252 118 1270 Ι
205 1291 289 1350 426.
310 1295 493 1351 comment
507 1307 553 1351 on
565 1293 723 1352 etndtait
741 1297 780 1353 la
799 1293 1027 1363 philosophie
1043 1291 1214 1349 el'eeole

558 1384 602 1439 de
621 1383 847 1454 Pythagor-e.
952 1423 955 1430 -
1190 1399 1193 1402 “

239 1475 414 1556 (Quomodo
437 1477 650 1558 reciperentur
671 1486 700 1538 et
722 1479 959 1540 instituerentur
980 1476 1172 1560 Pytbaqorae

614 1574 789 1656 disctpuli.)

139 1697 180 1762 2⁸
244 1696 312 1755 Jam
338 1717 355 1756 a
382 1697 534 1777 principio
554 1697 745 1777 Pythagoras
767 1698 977 1759 adulescentes
999 1697 1051 1778 qui
1068 1717 1134 1756 sese
1166 1697 1209 1754 ad

205 1791 385 1852 discendum
404 1795 580 1854 obtulerant
603 1798 841 1879 ἐφυσιογνωμόνει.
876 1795 910 1854 ld
938 1794 1067 1852 verbum
1089 1793 1212 1870 signifi-

205 1897 253 1949 cat
276 1911 374 1949 mores
394 1897 580 1972 naturasque
601 1891 762 1951 hominum
776 1892 1002 1973 conjectatione
1019 1890 1151 1970 quadam
1168 1891 1212 1948 de

205 1986 266 2044 oris
297 1994 327 2046 et
355 1987 458 2046 vultus
480 1988 604 2066 ingenio
632 1988 731 2068 deque
760 1989 854 2047 totius
874 1987 1011 2067 corporis
1036 1987 1089 2046 filo
1113 1993 1209 2066 atque

205 2081 312 2142 habitu
331 2084 490 2143 sciscitari.
513 2085 602 2155 Tum,
620 2085 672 2164 qui
694 2082 871 2165 exploratus
893 2085 931 2143 ab
957 2105 993 2143 eo
1015 2083 1211 2162 idoneusque

205 2179 314 2252 fuerat,
331 2181 424 2260 recipi
441 2181 472 2239 in
489 2181 687 2262 disciplinam
702 2182 804 2240 statim
815 2181 991 2262 jubebat,et
1003 2188 1125 2260 tempus
1140 2199 1210 2238 cer-

203 2283 270 2334 tum
286 2284 385 2336 tacere
399 2323 405 2350 ,
418 2298 479 2335 non
488 2298 593 2336 omnes
609 2278 701 2351 idem,
718 2279 772 2337 sed
793 2261 868 2338 alios
896 2277 978 2337 aliud
1005 2285 1129 2357 tempus
1150 2297 1211 2356 pro

204 2373 356 2432 aestimato
369 2381 460 2454 captu
473 2374 626 2434 sollertiae.
643 2376 673 2434 ls
694 2369 797 2434 autem
814 2375 868 2455 qui
887 2374 1018 2446 tacebat,
1038 2395 1107 2454 quae
1123 2373 1210 2432 dices

204 2468 318 2527 bantur
344 2469 383 2528 ab
410 2470 477 2529 aliis
501 2470 659 2540 audiebat;
686 2493 787 2552 neque
819 2471 1004 2552 percontari,
1039 2471 1063 2529 si
1094 2491 1207 2550 parum

203 2565 406 2639 intellexerat,
439 2587 538 2647 neque
569 2569 768 2627 commentari
803 2589 872 2648 quae
894 2568 1043 2639 audierat,
1063 2566 1205 2626 sas'erat.

204 2662 263 2720 Sed
279 2683 340 2721 non
356 2663 458 2726 minus
471 2665 633 2745 quisquam
651 2666 749 2724 tacuit
762 2687 855 2746 quam
870 2665 1041 2724 biennium.
1062 2663 1103 2722 Hi
1119 2685 1208 2744 pror-

204 2781 255 2818 sus
273 2760 509 2840 appellabantur
523 2762 603 2820 intra
615 2769 737 2841 tempus
749 2762 872 2822 tacendi
886 2761 1093 2840 audiendique
1104 2761 1207 2821 ἀκουσ-

202 2864 284 2918 τικοί.
302 2859 359 2915 Ast
380 2857 431 2915 ubi
452 2878 499 2916 res
518 2857 689 2917 didicerant
710 2880 812 2917 rerum
834 2859 971 2926 omnium
996 2858 1204 2930 difficillimas,

202 2962 304 3013 tacere
321 2954 500 3033 audireque,
520 2962 611 3035 atque
623 2975 688 3014 esse
700 2956 763 3034 jam
773 2962 931 3034 coeperant
943 2955 1066 3014 silentio
1077 2955 1205 3026 eruditi,

203 3052 251 3109 cui
273 3059 338 3110 erat
367 3071 479 3109 nornen
495 3055 636 3133 ἐχεμυθιά,
662 3059 727 3110 tum
757 3052 851 3110 verba
872 3051 973 3110 lacere
997 3059 1028 3111 et
1052 3072 1206 3131 quaerere,

203 3168 332 3227 quaeque
349 3148 508 3206 audissent
521 3148 664 3222 seribere,
677 3155 708 3208 et
722 3169 791 3228 quae
808 3143 866 3228 ipsi
878 3149 1080 3227 opinarentur
1094 3169 1207 3228 expro-

203 3251 509 3325 merepotcstaserat.
521 3245 561 3303 Hi
570 3245 750 3304 dicebantur
763 3246 794 3303 in
805 3266 840 3304 eo
852 3252 990 3325 tempore
1004 3231 1213 3324 μαθηματικοί,Α

203 3341 240 3398 ab
256 3341 292 3399 iis
305 3338 422 3399 scilicet
434 3341 551 3399 artibus
565 3362 640 3419 quas
649 3341 713 3420 jam
729 3341 847 3402 discere
860 3349 892 3401 et
911 3341 1052 3401 meditari
1065 3341 1205 3421 incepta-

203 3444 332 3497 verant:
352 3437 498 3517 quoniam
516 3437 726 3515 geometriam,
744 3439 902 3510 musicam,
925 3445 1104 3517 ceterasque
1127 3437 1204 3496 item

202 3532 378 3611 disciplinas
408 3534 529 3593 altiores
546 3541 694 3614 μαθήματα
712 3542 832 3594 veteres
858 3536 958 3615 graeci
991 3530 1203 3615 appellabant.

204 3629 320 3687 Exinde
330 3629 377 3687 his
388 3617 533 3689 scientiae
555 3631 664 3689 studiis
684 3633 785 3690 ornati
807 3633 845 3691 ad
865 3632 1076 3712 perspicienda
1093 3630 1202 3689 mundi

201 3746 293 3804 opera
309 3734 338 3784 et
354 3727 503 3806 principia
524 3735 650 3786 naturae
669 3728 900 3808 procedebant:
927 3749 963 3788 ac
976 3735 1052 3788 tunc
1064 3727 1202 3807 denique

202 3822 441 3881 nominabantur
455 3830 570 3906 pontrel.

620 3935 654 3944 -
674 3905 725 3958 308
743 3933 779 3945 ..
