2656 4258
698 205 746 244 aas
768 207 877 244 rennes
914 214 916 220 ¹
951 189 955 223 ⁷·
1010 177 1033 183 '¹

287 315 479 376 honorumve
495 317 560 396 ejus
574 337 609 376 ac
627 339 729 377 rerum
747 325 902 396 gestarum
917 319 1075 398 paenitere,
1091 338 1163 376 vero
1180 317 1295 396 gloria-

229 447 232 452 ·
287 421 382 474 retur.
399 414 493 494 Facto
520 414 631 494 deinde
654 417 777 493 egpegio
803 415 972 493 magnifica
984 415 1077 473 verba
1092 414 1220 473 adauxit
1238 415 1295 482 :in

287 511 357 568 vico
386 511 502 588 Longo,
527 511 578 569 ubi
605 511 774 590 habitabat,
802 533 838 570 ex
864 497 951 592 parte
965 511 1094 586 aedium'p
1106 511 1191 590 quod
1215 513 1295 584 satis

285 615 368 666 esset
382 607 586 688 loci3modico
606 607 717 672 sacello
743 607 1229 690 exclusit‚aramque-ibi·posuit;
1250 619 1292 680 et,

285 705 465 763 convocatis
476 703 604 785 plebeiis
619 705 779 772 matronis,
800 713 967 784 conquesta
993 705 1135 786 injuriam
1147 705 1295 784 patricia-

286 819 371 861 rum:
387 826 401 856 «
412 801 491 860 hanc
502 821 558 880 ego
572 787 654 860 aram
666 826 692 874 u,
708 802 819 881 inquit,
832 827 846 856 a
858 801 1017 860 Pudicitiae
1025 802 1154 882 plebeia·
1166 801 1292 876 dedico,

286 918 403 978 vosque
416 898 523 982 hortor
536 898 672 978 ut‚quod
686 906 841 958 certamen
855 899 983 973 virtutis¹
999 898 1080 970 uiros
1095 899 1127 973 in
1146 899 1204 957 hac
1219 900 1295 964 civi-

286 1002 349 1054 tate
366 1002 462 1080 tenet,
479 995 538 1054 hoc
559 995 716 1075 pudicitiae
730 995 811 1068 inter
825 987 980 1071 matronas
995 996 1045 1069 sit,
1063 995 1204 1074 detisque
1219 1016 1296 1075 ope·
1316 1005 1317 1028 l

285 1113 351 1150 ram
366 1099 401 1151 ut
415 1092 481 1150 haec
493 1113 544 1150 ara
558 1111 649 1172 quam
665 1092 727 1166 illa,
740 1092 765 1150 si
781 1091 855 1172 quid
872 1087 985 1171 potest,
1000 1092 1135 1166 sanctius
1146 1100 1181 1166 ¹et
1194 1114 1211 1151 a
1225 1114 1296 1152 cas-

286 1188 416 1247 tioribus
436 1189 495 1254 coli
512 1189 642 1248 dicatur.
662 1213 676 1244 u
706 1189 820 1264 Eodem
852 1190 912 1256 ritu
937 1196 968 1266 et
989 1189 1054 1263 haee
1074 1210 1135 1263 ara,
1160 1210 1222 1269 quo
1241 1190 1294 1248 illa

284 1285 454 1366 antiquior,
464 1286 546 1344 culta
557 1293 657 1366 estput
665 1286 748 1345 nulla
759 1287 818 1362 nisi
832 1294 976 1365 spectata*
984 1286 1294 1367 pudicitiaematrona

286 1389 319 1440 et
332 1403 401 1461 quae
417 1382 471 1440 uni
486 1383 555 1441 viro
570 1390 671 1464 nupta
685 1383 794 1461 suisset
806 1383 858 1463 jus
880 1377 1072 1459 sacrificandi
1085 1382 1226 1442 haberet.

448 1559 692 1616 152.sur1es
716 1547 907 1636 matrones
931 1545 1139 1648 romaldus]
1175 1549 1188 1568 ²
1223 1611 1226 1644 ·.

584 1663 639 1742 (De
654 1663 803 1724 Romanis
817 1663 990 1740 matronis)
1043 1741 1044 1744 Ἴ
1153 1664 1179 1670 ”

219 1832 260 1896 3⁰
325 1821 400 1890 Quae
416 1842 478 1880 uno
496 1814 861 1882 contentae‘matrimonio
877 1823 1010 1896 fuerant,
1031 1823 1150 1894 corona
1169 1823 1294 1902 pudici-

286 1918 337 1977 tiae
363 1919 612 1995 honorabantur}
648 1919 986 1978 existimabant'enim
1026 1935 1103 1978 eum·
1132 1920 1291 1999 praecipue

285 2022 435 2074 matronae
448 2017 566 2075 sincera
581 2017 649 2074 fide
666 2003 880 2095 incorruptum
895 2035 961 2074 esse
978 2017 1126 2090 animum,
1144 2018 1197 2097 qui
1216 2035 1287 2096 posi

285 2112 434 2192 depositae
459 2105 646 2190 virginitatis
659 2113 761 2171 cubile
787 2113 824 2171 in'
840 2101 998 2191 publicum
1018 2113 1122 2191 egredi
1144 2115 1291 2188 nesciret,

285 2209 455 2268 multorum
483 2209 750 2268 matrimoniorum
768 2209 989 2287 experientiam
1008 2209 1096 2289 quasi
1121 2209 1293 2288 illegitimae

284 2305 446 2386 cujusdam
455 2305 701 2384 intemperantiae
716 2306 837 2382 signum
847 2327 912 2364 esse
925 2307 1095 2365 credentes
1111 2305 1292 2374 —Quoties

285 2402 367 2460 inter
388 2402 488 2460 virum
518 2408 548 2460 et
573 2393 699 2460 uxorem
728 2402 843 2482 aliquid
871 2400 967 2482 jurgii
1000 2403 1227 2476 intercesserat,
1260 2405 1291 2462 in

284 2497 430 2556 sacellum
446 2497 510 2557 deae
537 2498 711 2577 Viriplacae,
729 2500 812 2578 qu'od
831 2499 927 2558 estin
945 2499 1074 2571 Palatio,
1103 2501 1291 2575 veniebant;

283 2602 316 2652 et
330 2594 372 2651 ibi
381 2595 511 2653 invicem
526 2595 621 2654 locuti
632 2616 702 2674 quae
715 2595 887 2670 voluerant,
903 2597 1101 2655 contentione
1114 2597 1291 2656 animorum

283 2691 436 2770 deposita,
453 2692 622 2751 concordes
636 2692 880 2753 revertebantur.
897 2693 962 2752 Dea
983 2695 1097 2751 nomen
1112 2693 1171 2752 hoc
1192 2694 1292 2772 apla-

283 2788 389 2846 candis
406 2788 479 2846 viris
496 2789 596 2847 fertur
609 2796 770 2850 assecuta:
791 2789 966 2851 veneranda
983 2790 1118 2869 quidem,
1137 2797 1168 2849 et
1185 2793 1293 2850 nescio

282 2905 323 2943 an
340 2886 505 2965 praecipuis
525 2892 556 2944 et
574 2885 735 2965 exquisitis
754 2887 911 2945 sacrificiis
928 2887 1067 2954 colenda,
1091 2893 1197 2965 utpote
1211 2909 1292 2966 quo-

282 2982 409 3040 tidianae
423 2983 648 3041 acdomesticae
664 2983 747 3062 pacis
773 2991 888 3056 custos
909 2984 1027 3062 inpari
1049 2977 1125 3062 jugo
1147 2981 1293 3043 caritatis

271 3078 351 3163 'ipsa
366 3079 413 3136 sui
428 3079 632 3158 appellatione
649 3080 785 3137 virorum
808 3079 961 3158 majestati
980 3080 1147 3138 debituma
1165 3080 1294 3162 feminis

284 3176 415 3234 reddens
429 3176 588 3235 honorem.
603 3209 641 3219 -
659 3175 821 3243 Quondam
837 3175 959 3234 feminae
973 3182 1042 3234 cum
1059 3177 1134 3234 viris
1147 3177 1291 3237 cubanti-

281 3273 341 3331 ‘bus
366 3274 506 3332 sedentes
535 3273 733 3333 cenitabant:
758 3293 827 3352 quae
854 3271 1046 3332 consuetudo
1060 3293 1096 3330 ex
1125 3273 1291 3334 hominum

283 3372 430 3429 convictu
454 3369 492 3428 ad
519 3369 623 3427 divina
646 3370 837 3447 penetravit;
859 3369 1028 3428 namlovis
1049 3369 1141 3448 epulo
1171 3371 1236 3451 ipse
1258 3373 1290 3430 in

284 3466 441 3539 lectulum,
458 3466 540 3525 Juno
554 3473 584 3523 et
601 3465 742 3524 Minerva
757 3467 789 3523 in
811 3466 909 3538 sellas,
924 3466 962 3524 ad
977 3487 1083 3526 cenam
1096 3467 1288 3530 invitantur.

283 3564 373 3631 Quod
389 3583 484 3640 genus
500 3562 671 3620 severitatis
689 3570 762 3620 aetas
779 3571 881 3620 nostra
893 3562 1071 3641 diligentius
1086 3564 1118 3621 in
1132 3565 1293 3646 Capitolio

283 3681 376 3740 quam
393 3660 423 3717 in
440 3659 502 3716 suis
513 3658 656 3716 domibus
669 3665 772 3716 servat
788 3678 795 3718 :
815 3660 959 3719 videlicet
974 3657 1045 3739 quia
1057 3654 1155 3739 magis
1169 3663 1208 3722 ad
1221 3685 1289 3723 rem

284 3757 417 3835 pertinet
435 3755 571 3826 dearum,
589 3775 680 3835 quam
691 3755 866 3827 mulierum,
883 3757 1044 3836 disciplina
1060 3759 1230 3821 contineri.

691 3933 861 3984 2106:
