2656 4258
403 183 613 245 CHAPlTRE
658 183 717 242 Vll

443 321 558 406 (Caput
604 321 674 404 VII)

214 612 348 666 vomens
374 628 409 666 nr
435 597 620 666 cumosruts.¹
635 639 675 652 —-
695 627 731 666 nn
752 625 905 665 caueaoun

143 744 198 828 (De
214 743 393 808 itineribus.
423 745 471 806 De
501 743 694 828 quibusdam
714 743 810 808 raris.
825 743 872 807 De
886 744 984 825 rure.)

77 1027 147 1086 200.
167 1027 411 1098 Impresstons
426 1028 621 1173 proctuttes
637 1021 718 1098 'par
746 1029 802 1086 les
820 1026 921 1084 lleux
949 1027 1062 1084 histo·

490 1129 511 1172 r
526 1129 627 1188 ques.
883 1139 886 1143 ·

143 1240 307 1327 (Quantum
335 1245 403 1306 loca
422 1245 554 1307 historia
570 1245 728 1306 celebrata
748 1267 803 1306 noa
818 1244 981 1328 moveant.)

104 1449 175 1508 Tum
190 1434 261 1509 Piso
276 1466 283 1510 :
302 1473 317 1505 «
334 1449 491 1508 Naturane
507 1448 595 1508 nobis
610 1448 679 1523 hoc,
695 1449 806 1529 inquit,
830 1449 936 1508 datum
959 1449 1059 1508 dicam
1072 1449 1116 1506 nh
1160 1501 1176 1525 ,k

31 1601 32 1608 ,
74 1564 104 1602 an
123 1566 222 1606 errore
242 1545 377 1625 quodam
405 1553 450 1620 ut,
478 1566 603 1604 cumea
626 1545 693 1604 loca
716 1546 876 1606 videamus
896 1546 928 1604 in
950 1545 1061 1626 quibus

73 1642 207 1702 memoria
224 1641 334 1720 dignos
348 1642 432 1700 viros
447 1641 656 1722 acceperimus
672 1640 804 1700 multum
819 1663 885 1702 esse
911 1650 1060 1714 versatos

74 1738 158 1816 magis
183 1759 363 1822 moveamur
391 1759 484 1819 quam
509 1739 534 1796 si
563 1737 687 1822 quando
714 1759 820 1797 eorum
843 1738 980 1818 ipsorum
1010 1745 1063 1798 aut

73 1833 142 1894 lacta
154 1833 324 1907 audiamus,
343 1841 398 1894 aut
411 1835 560 1914 scriptum
573 1834 699 1914 aliquod
713 1833 874 1912 legamus?
902 1835 987 1894 velut
1005 1855 1063 1913 ego

73 1950 144 1989 nunc
157 1951 293 1991 moveor.
310 1931 405 1990 Venit
420 1932 501 1989 enim
518 1931 593 1989 mihi
610 1929 746 1990 Platonis
761 1931 793 1989 in
810 1937 956 2004 mentem,
971 1952 1062 2011 quem
1158 1943 1160 1951 ’

72 2027 234 2106 accepimus
257 2027 391 2106 primum
418 2028 469 2087 hic
494 2027 651 2107 disputare
678 2027 828 2087 solitum:
858 2027 946 2107 cujus
971 2027 1062 2086 etiam

72 2122 107 2180 illi
124 2123 238 2183 hortuli
254 2124 420 2204 propinqui
433 2145 494 2182 non
510 2123 689 2182 memoriam
703 2125 803 2182 solum
826 2124 902 2182 mihi
919 2125 1061 2195 atterunt,
1093 2175 1094 2180 ,

71 2219 222 2300 sedipsum
243 2207 389 2280 videntur
406 2221 436 2278 in
452 2227 620 2300 conspectu
636 2241 705 2279 meo
731 2241 856 2300 ponere.
888 2221 947 2280 Hic
968 2221 1065 2300 Speu-

31 2381 32 2398 ἢ
71 2316 177 2396 sippus,
198 2317 249 2376 hic
275 2318 473 2390 Xenocrates,
500 2317 551 2376 hic
566 2317 631 2396 ejus
663 2316 785 2376 auditor
811 2316 948 2390 Polemo,
974 2317 1064 2397 cujus

31 2425 32 2428 ’
69 2411 110 2471 illa
135 2413 202 2493 ipsa
226 2413 321 2472 sessio
345 2414 415 2485 fuit,
437 2434 527 2494 quam
547 2413 728 2472 videmus»
751 2449 791 2458 -
806 2414 884 2472 Tum
904 2414 1062 2481 Quintus:

31 2553 32 2590 3
71 2531 81 2559 r
96 2509 148 2569 Est
161 2497 263 2590 plane,
290 2510 372 2584 Piso,
396 2517 430 2569 ut
458 2510 545 2580 dicis,
572 2510 691 2590 inquit;
717 2530 788 2568 nam
814 2511 977 2588 meipsum
1003 2512 1064 2572 huc

69 2607 150 2665 modo
167 2593 343 2666 venientem
362 2607 563 2666 convertebat
584 2606 623 2665 ad
640 2627 704 2664 sese
725 2606 880 2665 Coloneus
900 2607 950 2666 ille
966 2607 1062 2681 locus,

31 2749 33 2782 ὲ
68 2702 146 2782 cujus
159 2703 260 2762 incola
279 2703 449 2783 Sophocles
466 2703 505 2761 ob
534 2703 640 2762 oculos
668 2703 866 2764 versabatur:
893 2723 984 2782 quem
1006 2703 1064 2762 scis

31 2833 32 2866 3
68 2817 150 2874 quam
164 2801 299 2860 admirer
312 2821 466 2880 quamque
486 2821 522 2859 eo
537 2799 683 2858 delecter.
701 2799 752 2858 Me
771 2799 895 2879 quidem
917 2799 955 2858 ad
977 2799 1065 2858 altio-

67 2912 121 2953 rem
137 2897 318 2956 memoriam
336 2897 505 2976 OEdipodis
521 2896 582 2956 huc
597 2896 759 2970 venientis,
773 2903 804 2956 et
815 2896 870 2956 illo
884 2895 1064 2956 mollissimo

66 2993 193 3052 carmine
207 3013 349 3072 quaenam
365 3000 466 3051 assent
489 2993 556 3072 ipsa
574 2992 640 3052 haec
663 2993 730 3051 loca
745 2993 932 3072 requirentis
947 2993 1064 3072 species

66 3089 201 3161 quaedam
218 3078 397 3162 commovit,
410 3090 543 3149 inaniter
554 3089 681 3161 scilicet,
694 3074 932 3149 sedcommovit
947 3097 1061 3150 tamen.

66 3179 92 3239 ln
111 3185 311 3246 Phalericum
341 3207 465 3266 quoque
494 3187 648 3258 descendi,
680 3207 742 3265 quo
772 3186 803 3245 in
833 3187 901 3246 loco
923 3186 959 3245 ad
988 3187 1063 3246 lluc-

64 3282 123 3338 lum
153 3282 244 3342 aiunt
276 3282 401 3341 solitum
425 3283 596 3342 declamare
621 3283 871 3355 Demosthenem,
901 3291 935 3342 ut
957 3284 1062 3342 fremi-

64 3379 123 3434 lum
150 3365 344 3438 assuesceret
367 3399 442 3438 voce
468 3368 602 3438 vincere.
633 3379 728 3438 Modo
757 3379 849 3437 etiam
872 3379 1000 3458 paulum
1025 3380 1063 3439 ad

63 3467 219 3534 dexteram
235 3476 273 3535 de
287 3474 337 3534 via
362 3474 526 3547 declinavi,
538 3483 572 3534 ut
586 3475 624 3534 ad
646 3476 772 3534 Periclis
789 3475 965 3555 sepulcrum
979 3498 1065 3536 acce-

62 3563 175 3629 derem.
200 3572 392 3652 Quamquam
414 3571 445 3631 id
455 3571 579 3652 quidem
601 3572 757 3630 infinitum
776 3580 822 3632 est
842 3573 873 3631 in
894 3572 953 3632 hac
972 3573 1063 3644 urbe;

63 3679 254 3748 quacumque
269 3668 351 3727 enim
366 3668 566 3747 ingredimur,
584 3668 615 3726 in
632 3669 735 3749 aliqua
749 3669 879 3729 historia
900 3670 1064 3746 vestigium

64 3774 249 3829 pommus.»

484 3925 642 3978 ³139-
