2678 4250
12 13 372 150 ¹-

169 203 255 262 233.
274 204 331 260 Un
349 203 456 273 poete
475 202 619 260 romain
637 216 687 260 va
705 202 839 260 vtstter
856 205 896 260 la
914 203 1045 261 Greeef

298 307 469 387 (Romanus
486 314 578 388 poeta
601 306 763 368 Graeciam
785 305 917 390 invisit.)

166 438 315 518 Magnum
336 440 396 499 iter
416 440 453 499 ad
475 439 581 502 doctas
602 440 756 520 proficisci
777 460 872 519 cogor
892 439 1044 513 Athenas,
1118 441 1176 504 su.

208 536 250 596 Ut
271 556 320 596 me
341 535 432 614 longa
454 535 540 614 gravi
562 536 662 596 solvat
683 557 786 596 amore
806 535 866 599 via.

167 630 257 691 Nunc
278 633 370 711 agite,
393 652 412 692 o
434 633 521 705 socii,
545 633 708 714 propellite
728 633 760 692 in
782 653 916 713 aequora
937 651 1058 703 navem,

207 728 437 810 Remorumque
458 750 547 810 pares
569 729 672 790 ducite
694 737 776 789 sorte
797 729 903 804 vices;

165 824 357 907 Jungiteque
379 834 517 886 extremo
538 826 639 887 felicia
660 827 754 886 lintea
775 825 857 885 malo
880 843 887 887 τ

208 921 276 982 lam
299 922 450 1003 liquidum
473 923 576 982 nautis
597 944 670 982 aura
692 922 841 982 secundat
860 922 930 982 iter.

168 1019 250 1096 Ergo
265 1039 322 1098 ego
343 1040 426 1078 nunc
440 1020 525 1078 rudis
548 1019 693 1080 Hadriaci
709 1020 804 1080 vehar
823 1018 964 1100 aequoris
984 1018 1110 1099 hospes,

207 1115 309 1194 Cogar
329 1123 360 1175 et
381 1116 550 1201 undisonos
572 1137 655 1176 nunc
677 1138 766 1197 prece
788 1116 871 1176 adire
893 1115 980 1176 deos.

167 1211 288 1271 Deinde
310 1233 365 1293 per
386 1213 508 1272 lonium
530 1219 638 1272 vectus
661 1234 730 1272 cum
752 1213 831 1272 fessa
854 1211 991 1272 Lechaeo

208 1308 328 1369 Sedarit
347 1309 466 1389 placida
489 1310 555 1369 vela
577 1309 721 1391 phaselus
737 1323 832 1390 aqua,

165 1403 258 1472 Quod
279 1413 431 1486 superest,
441 1401 565 1466 sulle'rte
601 1407 705 1486 pedes,
729 1413 891 1487 properate
912 1401 1060 1477 laborem,

209 1502 344 1562 Isthmos
365 1523 426 1583 qua
447 1504 536 1562 terris
558 1511 641 1562 arcet
662 1510 828 1582 utrumque
849 1522 944 1562 mare.

168 1597 244 1658 Inde
266 1598 318 1658 uhi
340 1599 439 1658 Piraei
461 1600 584 1679 capient
605 1620 653 1658 me
675 1599 764 1658 litore
785 1606 907 1680 portus,

208 1696 359 1756 Scandam
381 1716 438 1774 ego
458 1696 595 1755 Theseae
617 1696 759 1756 bracchia
780 1696 871 1774 longa
893 1694 971 1756 viae.

166 1791 236 1851 Illic
257 1799 311 1852 aut
332 1792 442 1851 studiis
464 1793 600 1852 animum
622 1793 784 1852 emendare
806 1791 944 1852 Platonis

210 1888 370 1968 Incipiam,
394 1896 448 1948 aut
469 1889 578 1963 hortis,
602 1890 692 1949 docte
715 1889 856 1969 Epicure,
879 1887 940 1947 tuis
964 1905 971 1948 τ

165 1985 338 2065 Persequar
358 1992 412 2044 aut
433 1987 570 2044 studium
592 1987 725 2065 linguae,
751 1985 969 2045 Demosthenis
990 2005 1085 2060 arma,

208 2081 432 2162 Librorumque
453 2090 534 2154 tuOS,
559 2084 672 2142 munde
695 2083 875 2159 Menandre,
902 2083 991 2142 sales.

165 2179 234 2238 Aut
254 2187 336 2238 certe
357 2179 480 2239 tabulae
502 2180 625 2259 capient
646 2201 713 2240 mea
735 2180 850 2240 lumina
871 2179 983 2259 pictae,

208 2275 281 2334 Sive
302 2276 393 2334 ebore
416 2284 549 2350 exactae,
574 2297 627 2335 seu
648 2278 746 2355 magis
768 2297 847 2348 aere,
870 2296 990 2335 manus.

162 2373 233 2432 Aut
253 2371 350 2452 spatia
371 2393 522 2433 annorum
545 2380 598 2433 aut
619 2373 710 2452 longa
731 2373 893 2434 intervalla
915 2369 1061 2452 profundi

207 2468 363 2528 Lenibunt
386 2469 480 2528 tacito
503 2470 629 2529 vulnera
651 2478 756 2530 nostra
778 2470 858 2528 sinu.

164 2565 230 2624 Seu
251 2566 373 2640 moriar,
398 2566 472 2638 sato,
497 2587 558 2625 non
580 2567 665 2649 turpi
687 2567 802 2644 tractus
824 2581 951 2626 amore:

208 2663 310 2742 Atque
331 2663 389 2722 erit
409 2663 461 2723 illa
483 2663 558 2722 mihi
579 2664 688 2723 mortis
709 2663 837 2722 honesta
859 2663 934 2722 dies

241 2847 323 2906 234.
345 2850 401 2906 Un
419 2850 526 2918 poete
546 2849 571 2906 a
589 2862 657 2907 son
675 2847 770 2919 petit
790 2847 968 2906 domaine.

356 2951 570 3032 (Herediolum
587 2959 680 3035 poeta
702 2952 864 3034 celebrat.)

23 3147 24 3156 ,
95 3085 210 3156 Salve,
235 3081 437 3161 herediolum,
460 3086 611 3166 majorum
633 3106 725 3164 regna
748 3105 897 3157 meorum,
1140 3090 1182 3154 3ο

142 3179 238 3248 Quod
259 3201 404 3261 proavus,
427 3182 512 3262 quod
532 3202 619 3255 avus,
643 3183 725 3262 quod
748 3191 835 3263 pater
855 3178 999 3252 excoluit,

95 3278 197 3346 Quod
220 3277 297 3336 mihi
318 3278 382 3359 jam
405 3279 516 3351 senior,
540 3287 704 3360 properata
726 3286 835 3352 morte,
858 3275 1028 3355 relinquit:
1051 3269 1052 3272 ¹

142 3373 235 3434 Eheu
258 3375 415 3434 nolueram
436 3381 499 3434 tam
521 3375 584 3436 cito
605 3396 696 3456 posse
718 3376 801 3435 lruil

98 3473 245 3532 Parvum
266 3469 467 3558 herediolum,
491 3471 591 3533 fateor
613 3490 620 3533 :
644 3473 698 3532 sed
719 3471 802 3531 nulla
822 3470 883 3530 luit
904 3489 952 3529 res

142 3567 248 3627 Parva
271 3587 416 3649 umquam
438 3568 653 3649 aequanimis;
676 3569 754 3629 adde
775 3567 878 3639 etiam,
902 3564 1068 3626 unanimis.

95 3664 169 3725 Cui
191 3663 295 3724 nullus
316 3664 387 3724 finis
408 3665 564 3746 cupiendi,
588 3671 634 3725 est
655 3665 758 3726 nullus
782 3662 926 3726 habendi.

140 3760 203 3821 Ille
225 3760 334 3842 opibus
354 3762 464 3821 modus
486 3769 543 3838 est,
567 3783 659 3843 quem
681 3767 798 3823 statuas
819 3765 932 3827 animo.

532 3940 688 3994 -163-
