2656 4258
308 139 388 198 168.
412 141 469 197 Un
492 137 602 197 se'nat
623 138 848 195 de-remmes.

363 243 420 325 (De
444 242 597 308 muliebri
619 241 787 322 senacula.)
858 271 862 280 ·

121 403 337 482 Heliogabalus
352 402 408 462 ubi
425 402 558 483 primum
575 401 656 461 diem
672 407 796 460 senatus
813 399 933 471 habuit,
946 402 1075 466 matrem
1101 396 1144 461 3·

86 521 161 559 suam
186 501 398 584 Se‘miamiram
426 500 458 559 in
484 506 623 558 senatum
648 496 749 577 rogari
768 496 876 577 jussit.
912 495 987 562 Quae
1006 491 1076 553 cum

88 597 210 656 venisset
226 604 333 656 vocatu
345 597 388 656 'ad
402 595 563 655 consulum
579 593 733 668 subsellia,
748 592 911 653 scribendo
925 583 1023 664 alluit,
1047 588 1077 658 id

85 700 135 766 est,
148 700 272 760 senatus
287 692 420 752 consulti
436 691 619 757 conficiendi
641 691 727 768 testis
744 709 751 752 :
769 688 912 771 solusque
940 687 1077 746 omnium

23 807 24 840 ³
86 789 298 873 imperatorum
316 789 385 862 luit,
413 789 470 849 sub
487 809 548 868 quo
565 787 685 862 mulier,
710 786 797 867 quasi
812 785 991 856 clarissima,
1008 783 1078 854 loco

84 885 135 942 viri
152 893 294 944 senatum
309 886 445 963 ingressa
460 893 516 944 est.
533 885 620 944 Fecit
631 891 662 944 et
676 884 707 942 in
720 883 798 942 colle
819 880 968 950 Quirinali
990 899 1078 938 sena-

35 1013 37 1020 ·
84 981 190 1054 culum,
206 981 236 1040 id
253 989 300 1041 est
317 982 479 1064 mulierum
494 989 646 1060 senatum,
660 981 690 1038 in
711 1001 772 1060 quo
793 987 864 1039 ante
887 978 988 1036 luerat
1005 996 1076 1050 con·

84 1087 186 1137 ventus
212 1078 401 1150 matronalis,
438 1075 647 1137 sollemnibus*
666 1077 826 1136 dumtaxat
848 1074 968 1147 diebus,
1000 1065 1077 1131 etsi

84 1195 220 1254 umquam
242 1175 344 1256 aliqua
368 1178 506 1233 matrona
533 1167 706 1233 'consularis
733 1172 868 1252 conjugii
890 1169 1078 1230 ornamentis

83 1270 382 1351 essetdonata1quod
393 1278 510 1331 veteres
523 1271 724 1350 imperatores
739 1270 880 1327 affinibus
889 1267 1075 1335 detulerunt,

83 1374 109 1424 ct
126 1367 172 1425 his
191 1369 320 1427 maxime
338 1388 405 1448 quae
421 1367 599 1426 nobilitatos
615 1369 741 1426 maritos
769 1387 830 1424 non
843 1365 1023 1440 habuerant,
1039 1382 1079 1421 ne

83 1463 278 1523 innobilitatae
293 1471 497 1524 remanerent.
515 1463 574 1522 Sed
590 1463 798 1522 Semiamirica
815 1461 895 1521 lacta
908 1461 1073 1520 sdntsena-

83 1559 267 1628 tusconsulta
295 1560 424 1618 ridicula
452 1559 490 1619 de
513 1559 632 1638 legibus
653 1559 901 1619 matronalibus:
929 1577 998 1638 quae
1016 1576 1078 1635 quo

23 1729 24 1736 ,
84 1657 189 1716 vestitu
204 1656 394 1734 incederent,
418 1676 486 1738 quae
504 1656 555 1716 cui
576 1656 710 1728 cederet,
732 1676 801 1736 quae
821 1655 859 1714 ad
880 1654 969 1734 cujus
989 1674 1078 1712 oscu-

23 1775 25 1794 ν
84 1750 138 1810 lum
156 1753 293 1828 veniret;
318 1773 387 1833 quae
403 1753 531 1832 pilento,
546 1773 615 1832 quae
633 1763 712 1832 equo
730 1751 893 1830 sagmariO,
908 1771 977 1830 quae
991 1749 1078 1809 asino

23 1911 24 1924 ,
84 1849 249 1922 veheretur,
274 1869 344 1930 quae
368 1856 515 1928 carpento
536 1849 655 1921 mulari,
680 1869 748 1929 quae
774 1847 887 1918 bourn,
914 1867 983 1926 quae
1004 1845 1078 1905 sella

23 1991 25 2018 ,
84 1945 248 2018 veheretur,
276 1952 308 2004 et
335 1952 439 2005 utrum
468 1944 606 2024 pellicea,
636 1966 675 2004 an
701 1959 799 2018 ossea,
824 1965 863 2003 an
885 1937 1022 2014 eborata,
1037 1963 1077 2000 an
1101 1971 1104 1978 ·

23 2035 24 2076 t
82 2049 248 2117 argentata3
270 2049 301 2102 et
324 2063 393 2122 quae
421 2060 529 2102 aurum
561 2042 610 2102 vel
633 2061 770 2120 gemmas
799 2041 846 2102 iu¹
863 2038 1078 2100 calceamentis

85 2135 234 2198 haberent.

85 2355 158 2414 169.
172 2361 229 2416 Un
239 2359 347 2427 poete
363 2360 516 2416 exhorta
533 2371 579 2416 so
595 2359 669 2416 fille
684 2359 879 2418 oculttver
888 2359 928 2415 la
941 2355 1078 2428 poeste.

135 2463 240 2540 (Poeta
259 2461 363 2544 filiam
381 2463 524 2524 bortatur
540 2470 572 2523 ut
591 2463 730 2524 studium
737 2462 878 2546 poeticae
889 2462 1016 2546 foueat.)

115 2619 194 2680 Dum
216 2620 315 2695 licuit,
342 2628 396 2681 tua
417 2641 497 2702 saepe
519 2622 606 2695 mihi,
631 2619 686 2680 tibi
707 2628 812 2681 nostra
833 2621 991 2700 legebam
1103 2630 1144 2693 3⁰

153 2717 240 2798 Saepe
261 2717 308 2777 tui
325 2717 433 2796 judex,
457 2738 537 2798 saepe
560 2719 704 2795 magister
725 2739 819 2778 eram.

117 2815 178 2873 Aut
198 2836 254 2894 ego
268 2815 450 2895 praebebam
472 2815 561 2874 lactis
583 2815 675 2873 modo
697 2815 836 2874 versibus
857 2835 956 2889 aures,

156 2915 229 2985 Aut,
254 2911 306 2970 ubi
327 2931 471 2984 cessurae,
495 2932 586 2971 causa
607 2911 728 2970 ruboris
750 2932 844 2971 eram.

118 3005 196 3085 Ergo
217 3007 343 3067 desidiae
363 3028 498 3082 remove,
522 3008 709 3079 doctissima,
732 3029 851 3082 causas,

155 3103 444 3184 lnquebonasartes
464 3113 496 3164 et
516 3112 570 3164 tua
591 3126 675 3166 sacra
697 3106 773 3166 redi.

23 3195 25 3240 l
119 3199 178 3260 lsta
199 3202 310 3260 decens
331 3201 424 3260 facies
445 3202 544 3280 longis
567 3201 727 3261 vitiabitur
747 3203 846 3278 anuis,

155 3297 304 3378 ltugaque
325 3298 357 3356 in
378 3298 504 3379 antiqua
524 3299 627 3357 fronte
648 3299 752 3360 senilis
773 3299 842 3373 erit,

120 3391 299 3474 lnjicietque
321 3415 445 3454 manum
466 3396 573 3453 formae
595 3379 742 3455 damnosa
763 3403 916 3471 senectus,
992 3400 994 3408 '

23 3559 25 3578 ᾗ
157 3489 231 3556 Quae
250 3491 413 3570 strepitum
435 3511 527 3571 passu
550 3513 612 3550 non
633 3491 765 3551 iaciente
786 3493 887 3568 venit;

23 3579 25 3664 l
118 3581 258 3667 Cumque
279 3587 390 3668 aliquis
412 3588 516 3648 dicet:
542 3587 633 3647 «luit
653 3589 719 3648 haec
740 3589 874 3650 formosa
897 3615 924 3666 »,
944 3591 1073 3669 dolebis,

23 3667 24 3680 ἒ
161 3682 198 3741 Et
219 3685 375 3763 speculum
398 3685 530 3744 mendax
551 3706 616 3744 esse
638 3703 764 3765 querere
788 3693 885 3749 tuum.
1115 3693 1117 3696 ’

498 3872 600 3922 -,117
621 3901 654 3909 -
