2678 4250
242 128 352 183 Polism.
367 159 407 167 -··
421 127 535 182 uoltum.
552 159 591 168 ····
605 127 779 190 FlLOQUENCE.
795 159 835 168 -
849 144 1010 184 onnrssuns.
1025 158 1064 167 -
1080 127 1252 182 nullmuns
1333 149 1334 218 p

283 254 508 336 Materiemque
530 255 587 314 sibi
609 255 703 314 Ducis
724 255 916 334 indulgentia
938 255 1058 335 quaerit.

229 389 232 395 -
283 351 396 431 Siqua
419 351 541 412 aliunde
562 360 652 433 putas
674 374 775 412 rerum
798 351 1003 431 exspectanda
1026 359 1148 410 tuarum

283 447 440 523 Praesidia,
464 457 556 529 atque
570 448 640 508 ideo
662 469 778 508 croceae
800 449 978 508 membrana
1000 448 1121 507 tabellae

283 544 433 624 lmpletur
455 565 462 606 ε
485 546 640 624 lignorum
662 544 780 626 aliquid
802 566 894 625 posce
916 546 1055 615 ocius,et
1075 564 1145 624 quae

282 642 453 721 Componis
475 643 556 702 dona
578 643 718 714 Veneris,
741 642 915 713 Thelesine,
939 650 1060 715 marite,

284 741 347 797 Aut
366 737 474 798 claude
495 746 527 798 et
547 740 664 819 positos
681 741 763 798 tinea
785 739 937 818 pertunde
958 738 1087 799 libellos.

284 835 415 914 Frange,
439 835 541 908 miser,
564 835 709 910 calamos,
733 836 922 916 vigilataque
944 834 1053 916 proelia
1075 835 1155 911 dele,

230 961 233 967 ¹
282 932 342 1000 Qui
362 933 439 992 sacis
461 933 491 991 in
513 953 607 1013 parva
628 932 770 991 sublimia
792 933 928 991 carmina
950 932 1036 1005 cella,

286 1030 328 1089 Ut
348 1030 461 1108 dignus
482 1030 588 1089 venias
609 1029 730 1089 hederis
752 1037 783 1088 et
804 1030 936 1108 imagine
958 1049 1070 1089 macra.

282 1128 358 1206 Spes
381 1127 464 1186 nulla
486 1125 615 1186 ulterior
637 1145 643 1187 :
668 1126 778 1185 didicit
798 1147 869 1185 nam
891 1126 978 1184 dives
1000 1146 1110 1185 avarus
1212 1165 1213 1170 κ

282 1223 415 1283 Tantum
437 1222 591 1296 admirari,
614 1230 735 1283 tantum
757 1222 880 1282 laudare
902 1222 1042 1296 disertos,
1086 1250 1089 1256 ·

284 1320 327 1380 Ut
347 1320 435 1402 pueri
455 1320 587 1380 lunonis
608 1341 706 1381 avem.

473 1535 557 1592 333.
578 1536 627 1591 Le
645 1535 752 1603 poete
772 1532 1017 1592 neeesstteux.

514 1629 570 1712 (De
586 1636 679 1712 poeta
702 1629 838 1712 quodam
861 1629 976 1712 inope.)

176 1789 217 1855 2·
282 1789 361 1851 Cum
392 1788 464 1848 olim
488 1789 519 1848 in
552 1789 753 1868 pinacotheca
774 1788 974 1864 ambularem,
995 1788 1123 1847 intravit
1150 1810 1262 1852 senex
1337 1829 1338 1854 r

242 1907 349 1961 canus,
370 1887 529 1946 exercitati
553 1887 656 1945 vultus
671 1893 702 1945 et
717 1886 770 1966 qui
786 1886 946 1944 videretur
967 1886 1070 1944 neseio
1084 1886 1159 1964 quid
1176 1908 1262 1967 pro-

242 1983 375 2056 mittere,
396 1983 450 2042 sed
467 1984 552 2042 cultu
565 2004 626 2041 non
642 1983 772 2063 proinde
796 1984 964 2062 speciosus,
987 1988 1021 2041 ut
1040 1982 1129 2041 facile
1150 2003 1262 2064 appa·

242 2088 324 2138 reret
338 2101 406 2138 eum
422 2101 460 2138 ex
475 2079 532 2140 hac
547 2087 620 2139 nota
630 2080 837 2139 litteratorum
859 2101 925 2138 esse
944 2099 1020 2158 quos
1045 2078 1146 2138 odisse
1164 2080 1261 2142 divi-

242 2184 288 2236 tes
306 2176 415 2236 solent.
438 2178 467 2235 ls
489 2197 571 2255 ergo,
598 2183 632 2234 ut
653 2176 691 2235 ad
712 2176 792 2235 latus
811 2177 953 2236 constitit
982 2197 1084 2234 meum
1105 2195 1111 2234 :
1135 2201 1148 2230 a
1164 2175 1257 2254 Ege,

242 2275 355 2355 inquit,
371 2281 462 2354 poeta
477 2294 555 2346 sum,
572 2282 614 2344 et,
631 2281 665 2332 ut
679 2294 780 2353 spero,
795 2294 857 2331 non
873 2274 1037 2332 humillimi
1054 2274 1197 2352 spirituS,
1224 2279 1260 2336 si

242 2370 335 2429 modo
350 2371 473 2429 coronis
490 2370 606 2449 aliquid
619 2370 806 2430 credendum
820 2379 877 2446 est,
893 2391 969 2450 quas
983 2371 1075 2430 etiam
1094 2369 1131 2428 ad
1147 2370 1261 2450 impe-

241 2467 318 2526 ritos
338 2467 457 2525 deferre
480 2467 579 2544 gratia
603 2468 690 2527 solet.
712 2467 812 2534 Quare
839 2488 922 2546 ergo,
943 2467 1057 2547 inquiS,
1077 2475 1140 2524 tam
1165 2469 1260 2529 male

241 2565 373 2623 vestitus
393 2565 448 2623 es‘l
470 2563 600 2643 Propter
615 2562 674 2623 hoe
694 2565 793 2645 ipsum
815 2583 822 2625 τ
844 2586 930 2623 amor
949 2563 1066 2642 ingenii
1089 2563 1258 2626 neminem

242 2680 389 2741 umquam
405 2647 532 2719 divitem
555 2660 638 2734 lecit,
664 2667 695 2720 et
715 2662 819 2720 nescio
842 2660 997 2741 quomodo
1022 2660 1111 2719 bonae
1131 2663 1258 2722 mentis

241 2779 329 2817 soror
341 2765 387 2816 est
400 2765 576 2838 paupertas

322 2855 382 2922 Qui
403 2854 511 2935 pelago
534 2854 641 2926 eredit,
665 2875 778 2934 magno
800 2875 831 2913 se
853 2855 977 2914 faenore
999 2854 1101 2927 tollit;

322 2952 380 3019 Qui
401 2972 521 3032 pugnas
543 2960 574 3010 et
594 2959 693 3012 castra
715 2952 803 3032 petit,
827 2953 1026 3032 praecingitur
1047 2969 1151 3013 aurotss

321 3049 400 3108 Vilis
422 3047 565 3107 adulator
585 3049 669 3127 picto
688 3049 771 3127 jacet
792 3048 893 3108 ebrius
916 3057 1011 3109 ostro.

322 3146 393 3205 Sola
415 3144 570 3225 pruinosis
593 3145 699 3204 horret
721 3146 876 3205 Facundia
898 3146 1019 3226 pannis,

321 3245 423 3322 Atque
445 3241 531 3321 inopi
552 3241 657 3319 lingua
678 3241 814 3301 desertas
835 3243 960 3300 invocat
981 3250 1071 3302 artes.

283 3347 353 3408 Non
375 3348 469 3407 dubie
499 3348 541 3406 ita
570 3355 632 3420 est3
662 3347 715 3405 sed
745 3348 796 3427 qui
829 3347 908 3405 solas
939 3354 1095 3405 exstruere
1120 3347 1253 3409 divitias

241 3453 363 3518 curant,
393 3444 469 3503 nihil
497 3444 608 3504 volunt
633 3445 714 3503 inter
737 3445 877 3502 homines
911 3443 1020 3502 melius
1042 3444 1126 3502 credi
1153 3467 1252 3526 quam

242 3541 326 3623 quod
355 3541 413 3620 ipsi
437 3548 554 3601 tenent.
579 3541 743 3601 lactantur
768 3542 882 3619 itaque,
908 3560 1101 3620 quacumque
1125 3543 1253 3604 ratione

241 3646 383 3720 possunt,
397 3639 568 3697 litterarum
580 3646 743 3712 amatoreS,
757 3645 791 3696 ut
799 3637 962 3695 videantur
973 3637 1017 3696 illi
1029 3658 1153 3718 quoque
1166 3640 1251 3701 infra

242 3734 404 3816 pecuniam
419 3734 523 3811 positi.
545 3758 557 3789 n

663 3865 821 3934 -234-ο
886 3922 888 3927 .
