2682 4258
506 168 542 217 ila
562 179 611 216 vus
631 161 734 218 rnrviin
756 177 807 220 uus
828 174 953 217 nonnius

230 549 314 607 480.
339 546 388 606 Le
412 557 504 618 sege
529 545 606 603 doit
631 558 672 602 se
697 543 876 602 detaeher
902 545 967 600 des
990 542 1095 601 hiens
1120 542 1165 597 de
1190 549 1234 598 ee
1334 627 1335 630 Ἴ

357 645 360 649 ·
661 635 799 690 monde.
997 631 1000 638 '
1022 626 1028 638 ‘
1334 639 1335 660 ²

163 1068 215 1124 Rh.
271 1055 427 1136 Quidquid
445 1063 491 1115 est
510 1053 568 1116 hoc
583 1056 667 1136 quod
685 1056 764 1116 circa
787 1077 843 1115 nos
861 1077 897 1115 ex
926 1053 1101 1115 adventicio
1121 1052 1234 1132 fulget,

231 1153 330 1228 liberi,
345 1151 488 1233 honores,
502 1174 586 1233 opeS,
604 1153 704 1233 ampla
718 1153 852 1224 atria,·et
867 1152 1060 1212 exclusorum
1071 1151 1235 1210 clientium

230 1251 321 1309 turba
339 1250 450 1310 referta
469 1250 632 1323 vestibula,
650 1250 869 1327 clara,·nob·ilis
889 1257 942 1308 aut
960 1250 1091 1307 formosa
1106 1247 1235 1326 conjux,

230 1354 394 1426 ceteraque
411 1368 448 1405 ex
462 1346 582 1406 incerta
592 1353 623 1405 et
635 1346 741 1405 mobili
757 1356 838 1420 sorte
851 1345 1028 1426 pendentia,
1045 1344 1137 1403 alieni
1153 1364 1237 1402 com-

232 1444 410 1523 modatique
423 1452 588 1522 apparatus
604 1452 685 1504 sunt.
701 1443 784 1502 Nihil
798 1443 907 1501 horum
921 1443 1003 1501 dono
1016 1443 1108 1502 datur
1122 1459 1129 1501 ε
1145 1439 1236 1499 colla-

231 1540 312 1601 ticiis
327 1539 409 1603 etad
423 1540 565 1598 dominos
582 1539 727 1599 redituris
748 1541 959 1598 instrumentis
977 1559 1086 1598 scaena
1106 1537 1236 1597 adorna-

192 1699 197 1707 „
233 1647 293 1696 tur.
312 1636 380 1696 Alia
394 1659 431 1696 ex
446 1637 493 1695 his
513 1637 690 1717 primodie,
709 1637 766 1696 alia
784 1637 919 1696 secundo
939 1637 1122 1705 referentur,
1138 1655 1237 1713 pauca

233 1755 329 1813 usque
350 1733 388 1792 ad
408 1733 502 1792 linem
519 1734 773 1814 perseverabunt.
800 1735 906 1814 ltaque
929 1754 991 1791 non
1008 1740 1055 1790 est
1073 1731 1158 1812 quod
1180 1751 1238 1788 nos

232 1829 433 1911 suspiciamus
452 1827 711 1910 tamquam'inter
731 1839 834 1890 nostra
856 1831 970 1910 positi:
993 1837 1100 1888 mutua
1116 1827 1237 1906 accepi-¹

233 1948 311 1994 mus
330 1927 411 1986 Usus
426 1927 606 2008 fructusque
620 1936 725 1986 noster
737 1935 794 1999 est,
810 1929 897 2007 cujus
915 1935 1036 2006 tempus
1055 1925 1104 1992 ille
1120 1925 1239 1982 arbiter

199 2053 202 2058 ·
232 2022 368 2082 muneris
380 2024 427 2082 sui
441 2033 611 2103 temperat:
625 2045 681 2083 nos
695 2033 817 2104 oportet
829 2025 1018 2104 inpromptu
1032 2023 1146 2088 hahere
1158 2041 1238 2100 quae
1334 2047 1335 2096 3

233 2121 265 2179 in
280 2121 430 2179 incertum
444 2120 525 2179 diem
538 2121 609 2179 data
625 2130 707 2192 sunt,
721 2132 752 2180 et
766 2121 936 2201 appellatos
950 2121 1015 2178 sine
1028 2118 1152 2199 querela
1168 2117 1238 2176 red·
1334 2111 1335 2160 l

232 2219 314 2277 dere.
339 2217 468 2276 Pessimi
500 2217 649 2278 debitoris
677 2227 723 2277 est
749 2218 893 2276 creditori
921 2216 1021 2276 lacere
1047 2215 1236 2275 convicium.

233 2315 347 2374 Omnes
370 2335 442 2393 ergo
464 2323 585 2374 nostros
609 2315 652 2374 sic
674 2335 774 2374 amare
798 2315 954 2381 debemus.¹
980 2321 1137 2392 tamquam
1160 2313 1238 2371 nihil

234 2410 322 2468 nobis
341 2410 378 2468 de
398 2412 616 2490 perpetuitate,
637 2411 730 2470 immo
752 2412 827 2470 nihil
850 2410 887 2469 de
907 2411 1114 2469 diuturnitate
1130 2421 1237 2468 eorum

1334 435 1335 492 l

234 785 237 790 Δ
315 789 323 808 ’
396 763 655 882 (Terrenr'hona
674 797 800 880 'rapiens
821 753 893 860 pse
916 796 1066 878 deducit.)

233 2507 418 2586 promissum
442 2507 497 2566 sit..
519 2509 615 2588 Saepe
640 2509 852 2568 admonendus
874 2517 919 2566 est
944 2508 1074 2574 animus,
1100 2516 1183 2565 amet
1204 2515 1240 2564 ut

232 2625 401 2675 recessura,
424 2603 518 2663 immo
531 2612 689 2684 tamquam
705 2606 892 2666 recedentia.
910 2604 1066 2684 Quidquid
1083 2604 1240 2662 afortuna'

234 2702 342 2761 datum
355 2707 411 2772 est,
429 2707 586 2781 tamquam
602 2710 777 2782 exemptum
795 2710 919 2761 auctore
939 2701 1106 2780 possideas
1125 2700 1238 2778 Rapite

233 2819 271 2858 ex
288 2797 391 2856 liberis
410 2797 597 2878 vqluptates,
613 2799 759 2858 fruendos
777 2819 831 2858 vos
845 2798 977 2856 invicem
999 2797 1102 2855 liberis
1120 2797 1192 2856 date
1208 2806 1239 2854 et

156 2919 159 2925 ·
234 2895 300 2954 siue
319 2894 577 2954 dilationeomne
600 2895 745 2973 gaudium
767 2896 897 2954 haurite.
923 2894 1005 2952 Nihil
1027 2894 1066 2952 de
1089 2892 1239 2952 hodierna

234 2997 325 3050 nocte
352 2992 552 3069 promittitur.
580 2993 677 3050 Nimis
710 3013 851 3069 magnam
876 2991 1111 3052 advocationem
1141 2989 1236 3049 dedi:

236 3087 312 3146 nihil
324 3087 362 3146 de
376 3087 431 3146 hac
445 3089 529 3147 hora.
549 3089 769 3148 Festinandum
790 3097 846 3147 est.
868 3090 1003 3147 lnstatur
1016 3109 1033 3146 a
1047 3096 1132 3165 tergo
1150 3105 1157 3147 ε
1174 3089 1237 3166 jam

235 3184 407 3264 disjicietur
433 3186 490 3244 iste
519 3185 694 3258 comitatus,
718 3186 782 3265 jam
806 3185 1009 3244 contubernia
1036 3185 1092 3248 ista
1116 3183 1238 3242 sublato

235 3281 367 3339 clamore
396 3281 565 3342 solventur.
596 3283 717 3362 Rapina
742 3304 844 3342 reruni
869 3281 1007 3342 omniurn
1031 3288 1103 3344 est:
1134 3279 1237 3342 miseri

235 3378 359 3436 nescitis
371 3378 444 3453 fuga
460 3380 574 3439 vivere.
