2678 4250
1 213 2 216 ,
99 164 226 245 ,possm
244 167 656 244 ffro'trrsae-s'tocusncs.
674 186 887 238 -oaarpuus
908 199 946 220 η·-
966 168 1117 233 audracus
1214 165 1218 174 ‘

123 557 426 618 367.'vi'elllesse
453 563 499 618 de
526 563 706 619 1’0rateur
734 559 937 618 consecres
965 573 1013 616 au
1037 571 1118 628 pro·
1147 523 1148 530 1

530 649 707 708 ressorat.

102 924 125 946 ,ψ
215 889 455 972 (Orator'aetate'
472 900 637 973 provectus
658 890 1022 976 discipulos‘informet.)
1100 925 1101 930 ¹

101 1325 112 1372 5
160 1289 228 1348 Non
245 1289 374 1372 scientia
391 1291 484 1350 modo
498 1297 624 1350 constat
645 1299 761 1363 orator,
779 1310 847 1371 quae
869 1285 1183 1368 augetur'annis,llb.

102 1385 173 1458 ,sed
193 1407 281 1458 voce,
306 1387 410 1458 latere,
434 1387 592 1459 firmitate;
614 1388 726 1467 quibus
748 1387 853 1446 fractis
873 1395 926 1446 aut
946 1386 1116 1445 imminutis

107 1490 210 1567 -aetate
234 1505 288 1542 seu
312 1484 501 1556 valetudine,
525 1483 696 1544 cavendum
718 1491 764 1544 est
789 1483 918 1564 nequid
942 1483 973 1542 in
997 1491 1119 1556 oratore

103 1601 239 1660 ¹summo
260 1581 460 1651 desideretur,
482 1579 519 1641 ne
538 1581 708 1640 intersistat
722 1582 877 1659 fatigatae,
893 1602 931 1640 ne
951 1601 1018 1660 quae
1031 1579 1120 1640 ⁴dicct

103 1697 227 1758 ¹parum
255 1678 354 1762 audiri
382 1679 504 1750 sentiat,
533 1699 571 1740 ne
595 1699 626 1738 se
647 1686 766 1759 quaerat
790 1679 933 1757 priorem.
961 1677 1033 1735 Vidi
1063 1698 1121 1756 ego

115 1775 208 1852 longe
231 1775 380 1845 omnium.
405 1796 481 1855 quos
501 1775 575 1834 mihi
595 1795 779 1853 cognoscere
800 1775 940 1854 contigit,
966 1794 1120 1833 summum

115 1879 285 1944 oratorem,
299 1868 469 1930 Domitium
483 1873 603 1943 Afrum,
618 1871 709 1946 valde
720 1891 834 1943 senem,
849 1872 987 1951 quotidie
1004 1871 1121 1950 aliquid

115 1989 156 2028 ex
192 1989 226 2027 ea
262 1989 354 2048 quam
387 1977 539 2028 meruerat
581 1969 763 2042 auctoritate
805 1967 995 2047 perdentem,
1016 2025 1017 2028 ,
1037 1988 1119 2054 cum,

115 2074 230 2143 agente
243 2065 306 2136 illo,
322 2086 414 2146 quem
427 2065 597 2145 principem
622 2065 718 2124 luisse
732 2065 887 2144 quondam
901 2065 958 2123 lori
979 2085 1041 2124 non
1056 2073 1123 2125 erat

116 2162 261 2233 dubium,
295 2161 348 2223 alii
375 2161 664 2241 (quod-indignum
698 2162 850 2242 videatur)
885 2161 1032 2233 riderent,
1067 2161 1119 2219 alii

116 2259 360 2322 erubescerent:
382 2280 450 2339 quae
472 2259 592 2317 occasio
689 2258 748 2317 fuit
770 2258 892 2318 dicendi
909 2282 923 2313 «
938 2257 1032 2318 malle·
1046 2278 1116 2316 eum

106 2355 249 2438 ¹deficere
263 2376 355 2436 quam
369 2355 507 2414 desinere
527 2380 553 2415 n.
571 2355 683 2435 'Neque
706 2362 792 2416 erant
813 2356 863 2415 illa
883 2355 1120 2436 qualiacumque

105 2456 211 2535 mala,
230 2457 282 2516 sed
304 2457 433 2516 minora.
461 2457 559 2524 Quare
581 2464 744 2536 antequam
767 2459 798 2515 in
817 2457 877 2526 ¹has
894 2457 993 2516 aetatis
1016 2456 1123 2516 veniat

103 2553 289 2632 angustias,
305 2555 441 2633 receptui
458 2561 558 2624 canet,
578 2553 657 2612 etin
680 2545 940 2632 portum'integra
958 2575 1036 2613 nave
1055 2575 1122 2633 per·

104 2650 240 2727 reniet:
254 2650 360 2729 Neque
378 2651 458 2708 enim
481 2651 613 2708 minores
627 2671 707 2726 eum,
722 2671 792 2709 cum
813 2649 843 2708 id
866 2650 984 2722 lecerit,
1006 2650 1122 2722 studio-

105 2767 190 2809 ¹rum
218 2747 337 2806 fructus
361 2754 596 2826 prosequentur.
622 2747 768 2818 Aut'ille
793 2754 992 2804 monumenta
1018 2767 1121 2806 rerum

105 2844 262 2924 'posteris
283 2851 347 2914 aut,
370 2850 404 2903 ut
422 2845 455 2904 L.
480 2843 609 2903 Crassus
630 2843 772 2902 inlibris
793 2843 951 2901 Ciceronis
976 2841 1120 2915 destinat,

110 2943 190 3020 jura
205 2940 413 3019 quaerentibus
424 2941 540 3012 reddet,
557 2947 610 2998 aut
626 2940 809 3020 eloquentiae
831 2946 995 3017 componet
1011 2947 1120 3010 artem,

115 3051 174 3102 aut
186 3041 399 3120 pulcherrimis
414 3041 485 3100 vitre
498 3042 656 3121 praeceptis
668 3042 795 3118 dignum
807 3052 841 3100 os
853 3041 948 3100 dabit.
967 3041 1123 3120 Frequen-

101 3139 234 3208 -t'abunt
247 3159 322 3196 vero
336 3138 402 3217 ejus
417 3138 541 3206 domum
560 3137 870 3217 optimi3juvenes,'et
882 3158 984 3196 veram
1001 3136 1123 3196 dicendi

115 3237 204 3295 viam
229 3235 314 3294 velut
338 3255 377 3296 ex¹
399 3234 521 3293 oraculo
554 3242 678 3314 petent'
701 3235 765 3292 Hos
787 3234 838 3292 ille
864 3233 1010 3292 formabit
1034 3235 1122 3313 quasi

102 3333 307 3412 ,eloquentiae
318 3351 438 3410 parens,
452 3338 492 3402 et,
505 3343 538 3389 ut
550 3339 638 3390 vetus
650 3331 846 3408 gubernator,
860 3330 950 3390 litora
961 3339 991 3389 et
1001 3339 1120 3410 portae,

116 3439 151 3490 et
174 3449 245 3508 quae
265 3435 482 3508 tempestatum
508 3427 605 3504 signa,
628 3428 701 3507 quid
723 3427 866 3486 secundis
887 3428 1021 3498 flatibus,
1047 3427 1123 3506 quid

116 3525 262 3587 adversis
291 3525 369 3584 ratio
400 3532 518 3603 poscat,
540 3525 673 3594 docebit,
709 3545 771 3582 non
795 3523 994 3584 humanitatis
1023 3510 1123 3583 solum

116 3621 282 3683 communi
295 3620 407 3680 ductus
422 3621 534 3692 officia,
554 3621 606 3679 sed
624 3642 726 3679 amore
739 3621 874 3701 quodam
890 3621 1002 3700 operis,
1024 3623 1124 3681 Nemo

120 3719 210 3780 enim
226 3719 324 3778 minui
337 3719 413 3776 velit
425 3717 455 3775 id
468 3719 498 3775 in
515 3739 576 3798 quo
589 3718 741 3784 maximus
756 3717 824 3776 luit.

546 3934 573 3942 —
594 3903 648 3954 259
668 3933 702 3942 -
