2678 4250
281 151 473 192 uranx-Am.
490 167 528 177 -
548 135 698 194 minucius.
722 167 762 178 ···
781 154 923 194 AVOCATS.
945 170 984 180 -
1005 155 1199 196 Pnorsssnuns

241 260 336 322 simus
351 259 479 322 Graeciae
491 263 550 336 vir,
562 263 713 344 longeque
727 262 933 338 doctissimus,
948 265 1037 326 valde
1049 265 1130 326 hanc
1139 267 1235 327 labem

241 365 374 421 veretur.
400 360 500 439 Negat
527 362 608 420 enim
643 363 754 420 mutari
792 383 881 442 posse
911 363 1043 423 musicas
1063 363 1145 443 leges
1174 365 1236 423 sine

241 456 411 516 mutatione
425 456 527 536 legum
538 457 742 536 publicarum.
759 459 823 538 Ego
835 480 891 520 nec
903 467 965 520 tum
978 460 1068 520 valde
1080 460 1112 519 id
1127 461 1236 540 timen-

140 549 152 564 ”
241 551 325 640 dum,
350 573 406 614 nec
428 553 517 633 plane
541 555 799 614 contemnendum
824 565 910 636 puto.
933 556 990 612 illa
1014 556 1149 641 quidem,
1171 578 1235 638 quaa

241 649 382 710 solebant
395 651 550 730 quondam
565 651 712 732 compleri
729 652 893 712 severitate
904 646 1043 734 jucunda
1059 653 1194 713 Livianis
1209 661 1236 713 et

241 746 395 806 Naevianis
415 747 525 822 modis,
542 768 636 817 nunc,
653 756 688 808 ut
706 749 812 808 eadem
832 749 997 824 exsultent,
1014 752 1151 810 cervices
1169 771 1238 810 ocu-

239 841 347 923 losque
364 844 478 924 pariter
500 865 570 903 cnm
591 844 754 916 modorum
773 845 956 906 flexionibus
977 853 1135 927 torquent.
1163 847 1239 908 Gra-

224 938 321 1012 ,viter
334 938 407 998 olim
428 939 487 999 ista
507 940 683 1000 vindicabat
699 948 788 1001 vetus
805 941 856 1000 illa
878 940 1009 1016 Graecia,
1027 942 1119 1022 longe
1135 943 1239 1024 provi·

240 1033 316 1094 dens
335 1055 426 1116 qnam
446 1035 559 1096 sensim
581 1037 733 1117 pernicies
747 1036 854 1117 illapsa
872 1037 986 1108 civium
1004 1039 1123 1098 animos
1150 1039 1240 1098 malis

241 1131 351 1190 studiis
362 1132 511 1213 malisque
523 1131 672 1192 doctrinis
684 1142 810 1214 repente
824 1141 905 1194 totas
919 1135 1062 1212 civitates
1074 1143 1237 1194 everteret.

310 1459 395 1518 304.
413 1461 470 1520 Un
489 1462 616 1519 consul
635 1462 777 1520 romain
796 1461 932 1522 accuse
951 1465 996 1521 de
1016 1465 1166 1522 danser.

402 1571 534 1656 (Consul
554 1595 702 1635 romanus
722 1575 854 1636 saltator
872 1575 1074 1658 appellatur.)

173 1759 214 1825 2·
279 1758 462 1820 Saltatorem
489 1759 624 1840 appellat
655 1761 812 1820 consulem
847 1760 987 1822 nostrum
1015 1761 1104 1822 Cato.
1142 1761 1237 1822 Male-

240 1853 358 1916 dictum
378 1863 435 1928 est,
452 1856 564 1916 sivero
582 1856 737 1937 objicitur,
752 1857 943 1917 vehementis
963 1859 1166 1932 accusatoris;
1192 1859 1237 1915 sin

239 1951 328 2025 salso,
351 1952 492 2014 maledici
514 1953 742 2015 conviciatoris.
765 1954 875 2028 Quare,
898 1941 967 2014 cnm
987 1955 1046 2014 ista
1067 1954 1108 2014 sis
1133 1962 1238 2015 aucto-

238 2049 341 2122 ritate,
357 2071 419 2108 non
436 2049 539 2122 debes,
559 2049 646 2122 Cato,
664 2051 798 2130 arripere
816 2051 1012 2110 maledictum
1030 2073 1067 2110 ex
1082 2051 1175 2112 trivio
1187 2058 1239 2110 aut

239 2167 276 2206 ex
301 2167 474 2206 scurrarum
502 2147 604 2226 aliquo
634 2147 788 2222 convicio,
816 2168 916 2227 neque
941 2156 1055 2207 temere
1081 2148 1239 2208 consulem

238 2243 346 2322 populi
369 2243 488 2302 romani
511 2243 686 2302 saltatorem
706 2265 826 2317 vocare,
851 2245 904 2304 sed
926 2246 1104 2325 conspicere
1128 2244 1241 2324 quibus

238 2346 386 2419 praeterea
413 2339 497 2399 vitiis
523 2341 665 2399 allectum
685 2361 750 2400 csse
777 2361 900 2400 necesse
928 2342 969 2400 sit
991 2361 1062 2400 eum
1092 2341 1142 2400 cui
1168 2361 1243 2400 vere

152 2470 154 2477 ·
238 2436 322 2495 istud
346 2436 438 2516 objici
469 2437 577 2517 possit.
603 2437 700 2496 Nemo
722 2438 803 2497 enim
827 2439 890 2498 lere
910 2437 1002 2497 saltat
1024 2437 1156 2512 sobrius,
1182 2437 1241 2496 nisi

239 2533 319 2592 forte
331 2533 454 2606 insanit,
471 2555 571 2612 neque
584 2534 615 2592 in
631 2534 796 2594 solitudine
811 2555 911 2614 neque
926 2535 958 2594 in
973 2535 1118 2594 convivio
1133 2535 1243 2593 mode-

238 2637 306 2690 rato
319 2637 411 2710 atque
422 2629 563 2690 honesto.
579 2631 768 2710 Tempestivi
781 2631 929 2705 convivii,
946 2631 1060 2704 amoeni
1072 2631 1145 2704 loci,
1161 2632 1243 2689 mul-

238 2735 338 2786 tarum
352 2727 531 2786 deliciarum
548 2749 649 2787 comes
662 2735 708 2787 est
721 2735 856 2788 extrema
869 2727 1002 2789 saltatio.
1019 2729 1065 2788 Tu
1075 2727 1151 2796 mihi
1162 2727 1244 2787 arri-

237 2824 286 2904 pis
296 2823 365 2893 hoe,
374 2823 457 2904 quod
466 2845 590 2883 necesse
599 2831 645 2884 est
653 2825 791 2903 omnium
801 2824 945 2884 vitiorum
956 2845 1021 2883 esse
1029 2830 1221 2904 postremum
1233 2841 1241 2894 ;

237 2920 386 3002 relinquis
410 2920 473 2994 illa,
502 2921 614 3001 quibus
635 2921 773 2996 remotis,
799 2920 859 2982 hoc
888 2921 1000 2980 vitium
1025 2941 1091 2980 esse
1113 2921 1243 2978 omnino

239 3039 300 3078 non
322 3025 425 3098 potest
450 3035 457 3079 τ
490 3018 609 3076 nullum
640 3024 729 3096 turpe
751 3018 941 3090 convivium,
961 3038 1022 3076 non
1049 3036 1145 3088 amor,
1177 3036 1241 3074 non

238 3114 424 3186 comissatio,
441 3135 503 3173 non
527 3113 633 3186 libido,
651 3135 714 3173 non
736 3123 877 3196 sumptus
896 3115 1093 3174 ostenditur:
1110 3120 1243 3183 etcum

238 3230 274 3271 ea
284 3230 346 3270 non
361 3211 563 3292 reperiantur,
580 3231 648 3291 quae
663 3211 832 3291 voluptatis
845 3232 957 3271 nomen
969 3210 1095 3281 habent,
1109 3229 1243 3291 quaeque

237 3307 349 3367 vitiosa
366 3316 447 3382 sunt,
464 3309 569 3390 inquo
585 3308 682 3387 ipsam
698 3307 851 3367 luxuriam
867 3308 1000 3388 reperire
1015 3328 1077 3366 non
1092 3315 1192 3387 potes,
1211 3308 1243 3364 in

238 3423 275 3464 eo
287 3411 318 3463 te
336 3405 473 3464 umbram
486 3404 615 3464 luxuriae
631 3411 825 3484 reperturum
842 3407 954 3484 putas?
967 3405 1035 3463 Non
1054 3404 1149 3482 igitur
1160 3404 1244 3484 obji-

237 3499 354 3561 ciendae
380 3487 458 3560 sunt·
472 3501 588 3560 consuli
621 3507 727 3560 nostro
753 3502 834 3560 Asiae
865 3501 1052 3580 voluptates
1082 3519 1151 3560 cum
1177 3521 1243 3558 non

238 3597 345 3659 Asiam
362 3618 529 3678 numquam
547 3597 674 3671 vidisse,
697 3598 750 3657 sed
767 3597 798 3656 in
820 3597 894 3658 Asia
911 3598 1109 3657 continenter
1123 3596 1243 3656 vixisse

239 3692 427 3753 laudandum
442 3694 492 3752 sit.

659 3881 852 3934 *ΞΗ-ι
