2678 4250
330 150 409 188 Luxu.
422 149 474 186 DRS
495 147 664 202 namuurum,
688 149 723 184 ΒΕ
744 148 780 186 LA
802 148 904 201 Teuta,
927 149 963 186 DE
984 149 1019 186 ta
1042 149 1152 186 PARUBE
1241 129 1245 136 ⁵

240 555 324 612 274.
352 557 401 612 Le
428 556 633 613 marchand
658 557 703 612 de
728 553 902 624 potssons
932 554 970 611 et
1000 517 1278 624 1'1nspecteur'

634 642 842 712 municipal.

220 819 222 830 Ι
304 816 308 824 ¹
345 843 402 925 (De
418 813 575 927 piscatore
595 850 626 906 et
646 843 685 906 de
703 843 770 925 sori
788 842 954 922 piscatorii
972 823 1140 926 curatore.)

174 1187 213 1251 2·
251 1173 253 1176 ⁵
278 1174 359 1242 Dum
377 1203 535 1263 pergerem
550 1181 589 1241 ad
602 1179 737 1252 balneas,
749 1180 850 1239 sorum
863 1180 1024 1260 cupedinis
1041 1188 1124 1260 pet0‚
1145 1181 1243 1262 inque
1331 1209 1332 1222 κ

239 1299 276 1339 eo
292 1279 442 1360 piscatum
461 1279 617 1361 opiparem
639 1277 751 1356 viginti
773 1277 905 1337 denariis
922 1277 1172 1357 praestino.1nde
1191 1299 1242 1337 me

238 1374 446 1453 egredientem
481 1375 682 1436 continuatur
714 1373 858 1456 Pytheas,
890 1373 1122 1454 condiscipulus
1156 1375 1241 1454 apud
1331 1419 1332 1426 i

237 1464 375 1532 Athenas
398 1490 499 1543 meus;
525 1471 577 1550 qui
598 1492 646 1530 me
666 1471 797 1546 invadit,
819 1472 1038 1552 amplexusque
1049 1492 1084 1531 ac
1109 1471 1243 1530 comiter
1331 1467 1332 1556 ᾗ

238 1568 451 1628 deosculatus:
467 1568 536 1628 «Mi
550 1568 657 1640 amice,
669 1569 723 1638 ait,
736 1575 783 1626 sat
793 1551 844 1648 pdl
856 1568 909 1627 diu
922 1576 978 1639 est,
989 1568 1072 1646 quod
1083 1567 1242 1626 intervisi-
1331 1569 1332 1612 ἒ

173 1746 175 1751 ¹
238 1687 306 1724 mus
317 1672 357 1738 te,
371 1674 402 1726 et
416 1665 553 1726 hercules
566 1653 677 1724 exinde
695 1684 765 1723 cum
785 1685 823 1724 ex
834 1672 902 1724 astu
916 1683 933 1723 a
951 1664 1097 1742 magistro
1109 1665 1242 1742 digressi
1331 1653 1332 1662 ¹

238 1783 354 1838 sumus.
379 1764 453 1831 Quae
482 1769 583 1822 autem
607 1759 662 1820 tibi
687 1781 778 1820 causa
811 1761 1067 1840 peregrinationis
1093 1760 1241 1841 hujus?»

238 1896 277 1928 -ε
293 1866 313 1916 ἀ
324 1849 468 1921 Crastino
483 1858 533 1918 die
553 1858 641 1932 scies,
658 1857 794 1936 inquam.
816 1858 876 1916 Sed
894 1857 968 1939 quid
988 1857 1095 1918 istud?
1110 1857 1189 1916 Nam
1207 1865 1243 1917 ct

239 1959 325 2031 lixas,
337 1964 367 2016 et
374 1957 476 2035 virgas
487 1963 517 2016 et
528 1955 664 2015 habitum
677 1975 802 2035 prorsus
813 1954 1006 2032 magistratui
1017 1961 1242 2032 congruentem

238 2055 269 2114 in
289 2062 320 2114 te
331 2053 431 2113 viden.
449 2077 464 2109 o
477 2087 517 2097 -
530 2077 545 2108 a
560 2054 723 2110 Annonam
736 2071 890 2125 curamm,
907 2051 960 2121 ait,
980 2058 1010 2110 et
1025 2050 1144 2110 aedilem
1158 2049 1256 2130 geri-¹

238 2170 321 2225 mus;
336 2137 376 2223 et,
393 2151 418 2209 si
434 2149 507 2229 quid
523 2148 672 2209 obsonare
685 2149 783 2228 cupis,
802 2149 908 2230 utique
928 2147 1205 2207 commodabimus.
1224 2134 1258 2203 »''

239 2246 436 2321 Abnuebam3
451 2245 504 2305 sed
515 2246 596 2304 enim
608 2245 752 2325 Pytheas¹
761 2245 835 2304 visis
847 2245 983 2325 piscibus
1000 2262 1007 2304 :
1020 2230 1083 2304 «At
1096 2243 1149 2302 has
1158 2243 1253 2322 quis,

238 2344 348 2424 quilias
359 2342 466 2427 quanti
481 2343 619 2422 parasti?
631 2367 644 2397 i
655 2367 719 2398 -«
734 2342 804 2413 Vix,
826 2342 962 2424 inquam,
976 2340 1121 2421 piscatori
1135 2347 1246 2398 extor-

238 2442 334 2502 simus
363 2439 500 2519 accipere
529 2439 641 2516 viginti
670 2439 856 2499 denarios.»
886 2437 954 2507 Quo
985 2436 1102 2510 audito,
1133 2437 1244 2496 statim

238 2527 358 2620 a'rrep'ta
378 2536 484 2596 dextra
505 2556 554 2595 me
582 2536 613 2593 in
634 2535 735 2594 forum
755 2534 915 2614 cupedinis
937 2533 1107 2595 reducens.
1137 2557 1151 2588 α
1169 2533 1245 2594 Eta
1330 2533 1331 2542 ’

238 2655 311 2715 quo,
345 2633 456 2715 inquit,
489 2633 618 2693 istorum
651 2639 836 2709 nugamenta
874 2631 940 2691 baec
978 2629 1198 2712 comparasti?
1224 2655 1244 2687 »
1330 2697 1331 2700 Ἴ

239 2733 424 2791 Demonstro
460 2729 648 2790 seniculum:
669 2729 764 2796 Quem
793 2729 955 2788 confestim
993 2748 1048 2807 pro
1081 2726 1247 2787 aedilitatis

239 2828 367 2911 imperio
409 2849 484 2888 voce
511 2828 678 2907 asperrima
707 2826 880 2904 increpans.
908 2849 923 2878 «
948 2824 1094 2902 Jamjam,
1124 2823 1243 2903 inquit,
1330 2881 1331 2902 p

239 2925 415 2986 necamicis
449 2925 572 3005 quidem
611 2922 733 2989 nostris,
762 2921 811 2979 vel
847 2921 972 2986 omnino
1006 2919 1076 2980 ullis
1106 2919 1246 3000 bospiti-
1330 2907 1331 2932 ³

239 3023 295 3082 bus
317 3023 454 3102 parcitis,
483 3020 535 3100 qui
554 3027 617 3079 tam
638 3019 756 3097 magnis
776 3019 881 3097 pretiis
900 3018 998 3098 pisces
1013 3016 1142 3076 frivolos
1157 3017 1247 3075 indi-

238 3121 338 3181 catis?
350 3119 409 3178 Sed
424 3139 485 3177 non
497 3118 636 3198 impune.
653 3141 667 3170 o
685 3116 734 3188 Et,
754 3116 878 3195 profusa
891 3115 922 3173 in
936 3114 1071 3174 medium
1086 3114 1243 3193 sportula,

236 3217 325 3300 jubet
337 3215 496 3276 officialem
508 3235 595 3273 suum
608 3215 732 3292 insuper
743 3213 841 3292 pisces
855 3211 1043 3283 inscendere,
1059 3230 1094 3269 ac
1107 3211 1247 3293 pedibus

240 3317 301 3375 suis
324 3321 406 3373 totos
432 3313 583 3372 obterere.
608 3310 673 3377 Qua
697 3317 860 3368 contentus
882 3328 1001 3367 morum
1029 3307 1256 3368 severitudine

140 3395 143 3415 ι
239 3433 325 3471 meus
338 3410 481 3490 Pytheas,
495 3428 530 3467 ac
542 3407 618 3465 mihi
632 3414 666 3466 ut
683 3406 797 3465 abirem
815 3405 967 3466 suadens:
982 3429 997 3460 «
1016 3403 1136 3463 Sufficit
1149 3405 1243 3478 mihi,

240 3508 350 3588 inquit,
370 3504 498 3566 seniculi
522 3512 608 3563 tanta
627 3502 693 3562 haec
713 3501 910 3562 contumelia.
931 3527 946 3558 a
968 3501 1025 3560 His
1047 3500 1135 3574 actis,
1150 3522 1247 3561 cons-

239 3611 378 3666 ternatus
400 3623 434 3662 ac
458 3621 584 3681 prorsus
618 3599 800 3679 obstupidus
828 3600 866 3658 ad
896 3598 1020 3658 balneas
1052 3617 1101 3656 me
1125 3596 1245 3668 refero,

240 3701 373 3760 nummis
386 3698 476 3758 simul
492 3696 630 3776 privatus
648 3704 678 3755 et
692 3716 778 3755 cena.

658 3873 814 3924 —192-
