2656 4258
178 189 179 194 ἵ
291 219 372 276 147.
387 217 528 275 Adteux
548 219 592 274 de
613 215 776 274 Cornelio
799 217 1003 286 apompee.

373 321 532 401 (Cornelia
570 321 716 403 Pompeio
750 320 921 402 valedicit.)

150 505 164 535 a
188 481 238 540 Nil
261 480 337 538 mihi
358 481 396 540 de
417 481 488 539 satis
508 481 635 540 thalami
657 480 837 560 superisque
858 480 999 540 relietum
1021 490 1078 556 est,

144 576 268 655 Magne,
292 578 378 657 queri
396 584 541 637 :nostros
563 598 625 636 non
646 578 762 657 rumpit
782 578 875 636 sunus
896 599 1025 654 amoreS,
1056 569 1059 572 .
1117 565 1120 618 Ῑ

144 674 208 732 Nec
230 673 289 740 diri
311 673 361 732 sax
382 694 500 732 summa
522 673 599 751 rogi,
623 673 676 732 sed
698 680 779 732 sorte
801 668 955 754 frequenti
974 717 976 722 -

147 757 332 850 Plebeia‘que
354 767 444 828 nimis
466 791 554 828 careo
576 770 700 828 dimissa
722 771 844 844 marito.

145 867 254 926 Hostis
275 856 316 926 ad
334 867 502 926 adventum
524 887 702 946 rumpamus
724 867 847 926 foedera
868 868 985 944 taedae,

149 963 309 1024 Placemus
331 985 481 1024 socerum.
505 965 556 1022 Sic
578 964 701 1022 esttibi
724 965 857 1043 cognita,
881 965 1004 1044 Magne,

146 1061 260 1120 Nostra
281 1049 381 1120 fides?
402 1061 540 1120 credisne
561 1061 679 1140 aliquid
700 1061 775 1120 mihi
797 1062 895 1121 tutius
917 1085 993 1138 esse,

142 1157 241 1223 Quam
265 1157 427 1216 tibil‘non
450 1158 522 1216 olim
545 1178 617 1216 casu
638 1158 807 1237 pendemus
828 1157 874 1218 ab
889 1163 975 1220 uno?

145 1254 341 1313 Fulminibus
363 1275 421 1328 me,
445 1275 545 1328 saeve,
566 1255 656 1334 jubes
678 1263 843 1334 tantaeque
865 1257 971 1316 ruinae
1059 1249 1062 1251 ’
1122 1244 1126 1248 ’

141 1350 312 1408 Absentem
334 1359 489 1430 praestare
511 1352 626 1430 caput?
648 1371 755 1410 secura
776 1351 900 1411 videtur
940 1347 942 1354 ’
1008 1429 1024 1437 ..

128 1447 217 1508 =Sors
238 1447 307 1519 tibi,
331 1468 401 1505 cum
423 1447 517 1506 facias
539 1448 812 1520 etiamnum'vota,
837 1450 973 1528 perisse?
1020 1469 1052 1482 ¹*
1082 1471 1084 1474 ·
1123 1438 1125 1444 ¹

141 1543 185 1603 Ut
207 1543 302 1601 nolim
324 1543 439 1602 servire
461 1544 558 1617 malis,
583 1543 635 1602 sed
657 1537 760 1603 morte'
779 1552 884 1624 parata
1057 1619 1060 1624 1

138 1641 183 1698 Te
205 1660 316 1718 sequar
336 1640 375 1700 ad
396 1661 500 1698 manes
520 1659 526 1699 :
544 1641 633 1699 feriat
654 1641 727 1698 dum
755 1649 869 1700 maesta
891 1651 1024 1703 remotas
1084 1689 1086 1694 s

140 1737 234 1794 Fama
257 1737 364 1816 procul
385 1744 492 1807 terras,
516 1737 618 1794 vivam
641 1737 697 1796 tibi
719 1759 829 1817 nempe
851 1747 1018 1818 superstes·

138 1825 229 1891 Adde
251 1833 335 1912 quod
355 1833 509 1892 adsuescis
532 1834 603 1892 latis
624 1841 808 1914 tantumque
829 1833 988 1909 dolorem„

138 1929 294 2004 Crudelis,
318 1950 366 1989 me
387 1930 466 1988 ferre
488 1930 590 1989 doces,
615 1931 742 2008 ignosce
764 1931 873 1989 fatenti
896 1949 903 1990 t

137 2027 235 2086 Posse
256 2027 320 2106 pati
340 2027 446 2087 timeo.
471 2027 559 2109 Quod
582 2027 606 2084 si
629 2034 700 2086 sunt
722 2035 804 2099 vota,
828 2027 954 2108 deisque

136 2123 271 2196 Audior,
295 2129 424 2182 eventus
445 2145 546 2184 rerum
569 2124 644 2182 sciet
666 2124 774 2183 ultima
795 2125 921 2204 conjux.

135 2220 309 2280 Sollicitam
330 2241 440 2299 rupes,
453 2221 516 2300 jam
539 2228 569 2279 te
590 2221 718 2293 victore,
742 2221 902 2296 tenebunt,

139 2318 181 2376 Et
203 2317 344 2396 puppim,
369 2337 448 2397 quae
468 2318 530 2376 sata
554 2318 630 2376 leret
651 2327 714 2377 tam
736 2318 825 2391 laeta,
849 2319 975 2380 timebo.
1000 2344 1015 2376 »

138 2505 225 2606 148.
240 2539 316 2595 Une
330 2538 466 2595 femme
476 2539 715 2596 entierement
730 2538 891 2596 devouee
910 2540 934 2595 a
950 2553 1016 2597 son
1031 2542 1137 2608 marl,
1161 2607 1162 2610 Ἴ

356 2641 415 2723 (De
430 2642 561 2702 muliere
577 2642 687 2703 marito
706 2651 767 2702 tota
789 2643 919 2724 dedita.)

133 2803 194 2873 Tu,
220 2800 367 2873 Priscilla,
392 2801 493 2860 virum
515 2822 570 2860 ceu
592 2802 769 2878 virginitate
787 2803 930 2882 jugatum
1068 2862 1072 2870 ,
1148 2812 1203 2869 llll.

130 2897 315 2955 Visceribus
336 2882 594 2976 totis'animaque
616 2897 754 2976 amplexa
776 2899 917 2970 fovebas;

130 2993 276 3062 Qualiter
296 3014 433 3073 aequaevo
455 2995 600 3053 sociatam
623 2994 749 3073 palmite
771 2995 866 3054 vitem

131 3090 247 3150 Ulmus
269 3096 350 3148 amat
372 3077 541 3170 miscetque
562 3111 669 3148 nemus
692 3091 847 3170 ditemque
870 3099 1013 3171 precatur

129 3190 328 3245 Autumnum
351 3173 480 3244 et'caris
503 3187 616 3264 gaudet
637 3188 777 3247 redimita
799 3188 937 3247 racemis

130 3282 263 3342 Divitiae
284 3273 464 3362 generisque
485 3284 542 3341 tibi
564 3304 633 3342 cum
655 3285 736 3344 fama
758 3285 880 3357 niteret,

130 3381 173 3439 Et
196 3379 269 3438 felix
291 3367 407 3458 species
429 3379 623 3460 multumque
645 3381 779 3460 optanda
802 3381 931 3455 maritis,

130 3479 179 3536 Ex
199 3484 233 3534 te
254 3476 481 3554 major-honos
506 3497 603 3535 unum
626 3478 750 3536 novisse
771 3477 883 3550 cubile,

130 3574 241 3632 Unum
263 3573 523 3650 secretisagitare
546 3573 601 3631 sub
624 3574 744 3632 ossibus
766 3575 880 3653 ignem.

127 3672 198 3730 Nec
220 3667 305 3727 frons
325 3669 413 3730 triste
435 3671 536 3748 rigens
558 3670 733 3753 nimiusque
755 3672 785 3729 in
809 3671 946 3730 moribus
974 3672 1095 3738 horror,
1142 3683 1143 3686 ’

126 3767 193 3827 Sed
217 3765 347 3844 simplex
368 3767 535 3848 hilarisque
558 3768 632 3826 fides
655 3775 686 3826 et
707 3768 802 3826 mixta
824 3768 955 3847 pudori¹

563 3955 728 4004 -103-·
