2678 4250
183 103 266 162 305.
291 104 385 162 Gout
404 105 470 161 des
489 103 663 160 Romains
682 116 775 173 pour
793 103 832 158 la
851 103 979 178 qanse.

166 197 332 277 (Quantum
352 199 487 260 Romani
506 198 681 260 saltationis
703 197 837 258 studiosi
854 196 1000 278 suerint.)

131 329 207 390 Inter
230 331 291 392 duo
317 331 394 391 bella
418 331 534 391 Punica
555 332 692 410 ingenui,
715 331 790 411 quid
810 331 910 390 dicam
930 328 1081 408 ingenui?
1108 318 1148 383 3‘
1247 395 1249 397 ,

97 418 143 485 filii
159 435 332 488 senatorum
345 428 377 488 in
392 429 499 488 ludum
518 428 709 488 saltatorium
729 427 953 498 commeabant,
973 433 1004 486 et
1019 425 1082 485 illio

97 524 197 584 crotala
216 532 371 604 gestantes
386 525 497 585 saltare
514 524 684 585 discebant.
708 525 807 584 Taceo
829 524 913 605 quod
934 530 1083 582 matronae

97 620 176 680 etiam
199 622 394 682 saltationem
415 642 476 681 non
505 622 699 681 inhonestam
722 621 897 702 putabant:
925 620 979 679 sed
1002 621 1085 678 inter

98 717 193 796 probas
217 738 340 799 quoque
362 739 466 777 earum
489 726 555 777 erat
576 717 708 778 saltandi
732 737 805 778 cura
827 737 924 798 usque
946 717 984 777 ad
1009 716 1084 776 artis
1173 754 1177 762 -

97 813 314 893 perfectionem.
336 815 493 874 Nobilium
516 835 590 874 vero
608 815 697 886 filios,
723 822 763 885 et,
784 813 867 895 quod
890 814 975 873 dictu
998 813 1084 872 nefas

97 918 143 983 est,
166 911 243 970 filias
262 932 385 993 quoque
407 913 542 989 virgines
566 911 648 970 inter
666 911 803 970 studiosa
828 931 1004 970 numerasse
1022 909 1085 968 sal-

96 1007 171 1067 tandi
182 1007 425 1076 meditationem,
440 1009 527 1067 testis
538 1015 584 1067 est
597 1009 699 1087 Scipio
711 1007 875 1067 Africanus
885 1007 1082 1078 AEmilianus,

97 1104 142 1184 qui
158 1104 188 1163 in
201 1105 342 1164 oratione
359 1112 467 1164 contra
480 1105 577 1184 legem
594 1104 790 1184 judiciariam
806 1104 874 1165 Tib.
889 1103 1021 1168 Gracchi
1041 1103 1085 1162 sic

98 1201 153 1262 ait:
172 1225 186 1257 u
204 1201 364 1261 Ducentur
384 1202 555 1281 praestigias
575 1201 769 1274 inhonestas,
791 1202 947 1272 sambuca,
971 1200 1086 1280 psalte-

98 1297 194 1377 rioque
213 1306 288 1360 eunt
307 1299 339 1356 in
363 1298 469 1357 ludum
490 1298 690 1371 histrionum;
712 1298 837 1358 discunt
851 1305 975 1357 cantare
991 1316 997 1358 :
1016 1317 1085 1377 quae

98 1394 217 1473 majores
243 1395 339 1454 nostri
362 1394 504 1472 ingenuis
526 1395 639 1474 probro
664 1395 776 1454 ducier
791 1394 971 1466 voluerunt;
998 1400 1084 1466 eunt,

97 1490 221 1570 inquam,
234 1492 267 1551 in
281 1491 388 1550 ludum
405 1492 597 1551 saltatorium
617 1492 699 1550 inter
717 1492 790 1550 vilia
806 1492 930 1550 servitia
949 1491 1086 1569 virgines

97 1587 233 1668 puerique
249 1588 386 1665 ingenui.
403 1590 477 1648 Haec
490 1609 559 1646 cum
575 1588 652 1646 mihi
673 1589 834 1668 quisquam
851 1588 1006 1661 narrabat,
1023 1608 1086 1646 non

97 1690 224 1761 poteram
244 1685 381 1744 animum
400 1685 544 1744 inducere
570 1705 604 1744 ea
621 1685 733 1743 liberos
748 1705 820 1744 suos
837 1684 978 1744 homines
998 1684 1087 1743 nobi-

96 1777 135 1837 les
146 1780 266 1855 docere;
280 1781 333 1840 sed
344 1802 414 1840 cum
429 1781 540 1840 ductus
556 1802 623 1840 sum
635 1781 666 1839 in
677 1781 784 1840 ludum
800 1780 1004 1852 saltatorium,
1016 1781 1087 1861 plus

95 1876 206 1936 medius
224 1878 316 1937 fidius
336 1879 367 1936 in
387 1899 423 1936 eo
444 1877 516 1937 ludo
535 1878 600 1936 vidi
621 1879 725 1957 pueris
745 1878 979 1959 virginibusque
999 1878 1087 1956 quin-

98 1973 207 2049 gentis:
224 1975 255 2033 in
269 1975 317 2033 his
333 1996 428 2034 unum
444 1975 517 2054 (quo
532 1996 580 2033 me
596 1975 761 2054 republicae
778 1975 910 2034 maxime
923 1975 1086 2059 misertum

98 2070 150 2147 est)
164 2091 291 2150 puerum
304 2071 467 2141 bullatum,
480 2072 622 2152 petitoris
635 2071 743 2143 filium,
758 2091 820 2130 non
832 2063 983 2138 minorem
997 2071 1086 2130 annis
1130 2135 1134 2145 Ι

98 2164 262 2241 duodecim,
281 2189 350 2227 cum
373 2169 497 2227 crotalis
515 2169 641 2247 saltare3
663 2189 755 2249 quam
775 2167 1086 2248 saltationemtimpu-

98 2261 176 2323 dicus
186 2265 326 2324 servulus
337 2266 463 2324 honeste
477 2266 587 2325 saltare
601 2286 662 2324 non
675 2271 789 2345 posset.
809 2289 823 2320 n

244 2472 328 2531 306.
349 2475 398 2530 Le
414 2435 548 2542 jhueur
566 2474 610 2530 de
630 2473 718 2530 flate
738 2473 926 2544 Princeps.

384 2568 440 2646 (De
462 2567 613 2650 Principe
636 2568 788 2649 tibicine.)
812 2629 815 2635 ,

149 2700 292 2782 Princeps
314 2700 430 2760 tibicen
452 2702 561 2760 notior·
575 2702 667 2781 paulo
689 2701 759 2775 tuit,

147 2797 276 2878 Operam
300 2797 443 2877 Bathyllo
466 2798 575 2857 solitus
597 2799 628 2856 in
651 2819 749 2858 scaena
772 2799 854 2860 dare.

148 2894 176 2952 Is
196 2896 276 2954 sorte
298 2894 378 2953 ludis
402 2894 475 2975 (non
498 2895 572 2954 satis
594 2895 720 2954 memini
742 2896 866 2976 quibus)

148 2991 227 3050 Dum
250 2973 359 3071 pegma
381 2992 511 3072 rapitur,
536 2993 671 3052 concidit
692 3013 764 3051 casu
786 2993 873 3071 gravi

148 3087 209 3148 Nec
231 3089 374 3169 opinans,
398 3096 429 3148 et
450 3089 604 3148 sinistram
628 3089 720 3167 fregit
741 3089 859 3149 tibiam.

148 3184 230 3244 Inter
250 3205 360 3244 manus
382 3185 520 3244 sublatus
542 3193 573 3244 et
594 3186 726 3244 multum
748 3206 874 3264 gemens

148 3281 279 3341 Domum
303 3282 444 3340 refertur.
468 3282 596 3362 Aliquot
617 3303 737 3341 menses
760 3289 932 3358 transeunt,

149 3377 195 3437 Ad
215 3379 377 3438 sanitatem
399 3379 472 3437 dum
494 3379 580 3438 venit
600 3380 729 3438 curatio,

151 3473 192 3533 Ut
211 3483 416 3554 spectatorum
441 3495 507 3534 mos
528 3482 584 3548 est,
609 3484 639 3535 et
661 3477 797 3556 lepidum
820 3496 926 3554 genuS,

151 3569 322 3630 Desiderari
343 3572 448 3651 coepit,
472 3573 562 3653 cujus
583 3573 707 3632 flatibus

153 3665 273 3727 Solebat
295 3668 420 3727 excitari
445 3669 581 3728 saltantis
604 3670 701 3747 vigor.

509 3855 665 3907 -215-
