2682 4258
442 192 653 253 CHAPlTRE
673 192 717 252 XI

484 343 597 426 (Caput
617 341 676 426 Xl)

150 639 286 680 LETTERS·
308 654 349 666 ···
370 641 515 680 seleucus,
537 653 576 666 -·
598 639 738 680 smnus,
761 651 801 664 ···
821 639 1012 678 runosoeuss
1094 696 1097 703 Ι

81 767 139 850 (De
162 767 288 831 litteris.
316 768 364 830 De
389 768 543 830 doctrina.
572 768 619 830 De
647 765 757 830 doctis.
787 767 834 830 De
856 765 1081 850 philosophis.)

110 1033 195 1092 394.
211 1033 437 1106 Eommages
456 1037 621 1182 rqndiusal
614 1048 659 1093 en
677 1035 793 1094 Grece
814 1047 888 1092 aux
908 1034 1051 1105 grands

502 1136 544 1181 er
558 1137 583 1180 v
623 1136 687 1182 ns·

88 1262 222 1341 (Quanto
239 1262 353 1323 honore
367 1281 504 1326 suninzos
525 1262 692 1346 scriptores
708 1261 978 1344 Graciprosecute
992 1260 1080 1342 sint.)

121 1528 319 1608 Ingeniorum
341 1529 447 1608 gloriae
466 1529 536 1610 quis
556 1530 654 1609 possit
674 1550 764 1608 agere
780 1529 934 1589 delectum
955 1547 1011 1608 per
1029 1532 1078 1588 tot
1091 1535 1147 1596 uh.

83 1623 316 1704 disqiplinarum
339 1645 449 1704 genera
468 1634 499 1686 et
517 1633 634 1686 tantam
655 1646 756 1685 rerum
779 1634 810 1685 et
831 1645 959 1706 operum
980 1626 1080 1686 varie·

83 1725 203 1782 tatem?
224 1723 290 1781 Nisi
304 1722 384 1782 sorte
408 1724 543 1782 Homero
559 1723 678 1782 nullum
692 1723 811 1782 felicius
830 1723 984 1782 exstitisse
1005 1743 1081 1782 con-

83 1820 176 1891 venit,
199 1819 264 1878 sive
281 1820 383 1899 operis
398 1819 618 1894 fortunamve
630 1820 757 1878 materia
774 1819 955 1879 aestimetur.
973 1819 1081 1899 ltaque

83 1915 256 1974 Alexander
266 1917 408 1994 Magnus,
421 1917 501 1975 inter
518 1916 614 1995 spolia
626 1917 711 1976 Darii
724 1924 950 1994 unguentorum
967 1916 1081 1976 scrinio

19 1999 20 2016 ³
82 2020 181 2091 capto,
198 2013 282 2092 quod
295 2020 361 2073 erat
373 2033 448 2072 auro
459 2014 647 2094 gemmisque
662 2033 698 2072 ac
713 2013 884 2091 margaritis
899 2013 1080 2092 pretiosum,

82 2109 181 2168 varios
196 2109 263 2190 ejus
277 2131 351 2170 usus
367 2111 474 2169 amicis
494 2110 775 2169 demonstrantibus
792 2109 928 2196 (quando
949 2109 1083 2168 taedebat

20 2205 21 2272 J
83 2207 231 2291 unguenti
240 2206 420 2266 bellatorem
431 2215 461 2265 et
472 2207 579 2266 militia
594 2207 774 2290 sordidum):
790 2231 805 2262 ι(
822 2207 920 2265 lmmo
937 2206 1080 2280 Hercule,

20 2293 22 2340 l
85 2302 194 2382 inquit,
212 2304 361 2363 librorum
382 2304 508 2362 Homeri
528 2304 676 2363 custodire
691 2304 797 2378 detur;
814 2328 828 2359 »
844 2311 879 2362 ut
897 2303 1084 2383 pretiosissi-

20 2407 21 2422 ³
84 2418 163 2458 mum
180 2400 307 2460 humani
322 2401 415 2459 animi
429 2422 506 2481 opus
520 2422 611 2481 quam
626 2403 756 2460 maxime
769 2401 860 2460 diviti
874 2421 966 2480 opere
982 2421 1083 2460 serva·

20 2529 22 2582 3
84 2503 174 2556 retur.
192 2498 269 2555 ltem
281 2497 406 2556 Pindari
417 2499 496 2557 vatis
510 2498 633 2556 lamiliae
647 2498 872 2578 penatibusque
879 2498 974 2578 jussit
985 2498 1080 2577 parci,

20 2583 22 2636 ἶ
84 2611 150 2650 eum
168 2594 289 2653 Thebas
302 2602 434 2674 caperet.
450 2595 625 2654 Aristotelis
635 2594 812 2674 philosophi
829 2596 959 2674 patriam
975 2595 1084 2654 condi-

21 2693 22 2762 }
85 2687 138 2762 dit,
154 2698 310 2770 tantaeque
328 2711 428 2749 rerum
449 2691 580 2750 claritati
600 2698 662 2750 tam
682 2691 848 2769 benignum
870 2691 1082 2751 testimonium

85 2786 214 2846 miscuit.
222 2787 385 2846 AEschines
394 2789 602 2859 Atheniensis,
613 2795 869 2859 summusorator‚
880 2809 949 2846 cum
958 2807 1083 2847 accusa-

85 2881 195 2942 tionem
210 2905 271 2964 qua
284 2884 385 2944 fuerat
400 2906 474 2943 usus
492 2885 623 2944 Rhodiis
642 2885 777 2962 legisset,
795 2885 868 2963 legit
882 2893 913 2944 et
929 2884 1083 2959 defensio·

21 2973 22 2978 ¹
85 2999 151 3038 nem
174 2982 394 3042 Demosthenis
427 3003 487 3062 qua
514 2983 546 3040 in
567 2981 644 3040 illud
665 2982 773 3062 pulsus
799 2981 900 3041 luerat
926 2981 1080 3054 exsilium,

22 3075 23 3146 Q
88 3076 328 3158 mirantibusque
349 3086 414 3137 tum
443 3078 539 3157 magis
554 3079 648 3138 tuisse
665 3080 831 3139 miraturos
846 3079 925 3138 dixit
937 3079 960 3136 si
980 3079 1080 3158 ipsum

22 3189 23 3240 l
86 3175 445 3244 orantemmudivissent:
462 3175 493 3234 in
506 3175 680 3235 calamitate
691 3177 778 3236 testis
792 3178 898 3255 ingens
912 3177 1010 3234 lactus
1023 3175 1082 3234 ini-

22 3259 23 3282 *
87 3269 164 3331 mici.
186 3272 397 3352 Thucydidem
418 3273 634 3352 imperatorem
658 3274 863 3333 Athenienses
884 3275 915 3332 in
940 3272 1082 3332 exsilium

22 3363 23 3398 l
86 3385 181 3441 egere,
196 3390 297 3438 rerum
315 3369 507 3428 conditorem
521 3389 727 3430 revocavere:
744 3370 950 3449 eloquentiam
966 3369 1081 3451 mirati,

86 3462 171 3541 cujus
198 3467 344 3524 virtutem
369 3446 601 3527 damnaverant.
625 3467 773 3544 Magnum
800 3474 830 3524 et
854 3466 1026 3525 Menandro
1050 3467 1082 3524 in

23 3557 24 3586 l
86 3560 199 3618 comico
222 3582 312 3622 socco
328 3563 537 3621 testimonium
560 3585 667 3642 regum
686 3562 814 3642 AEgypti
836 3569 866 3622 et
889 3564 1082 3622 Macedoniae

87 3657 222 3735 contigit,
239 3657 334 3718 classe
349 3666 381 3718 et
394 3680 449 3739 per
470 3660 587 3738 legatos
601 3661 715 3740 petito:
728 3660 828 3741 majus
841 3681 880 3718 ex
896 3661 975 3740 ipso,
990 3661 1082 3738 regiae

88 3749 213 3813 fortunae
225 3756 350 3836 praelata
365 3756 537 3816 litterarum
552 3758 750 3818 conscientia.

502 3945 659 3996 -283-
