2678 4250
310 187 381 226 tuus
402 187 453 224 DES
474 187 644 237 florinense,
668 187 702 226 DE
724 189 759 225 LA
780 189 879 239 unum,
903 189 937 225 DE
960 187 995 225 LA
1016 187 1131 226 PARURR

220 297 383 358 Vestibulo
406 298 578 372 adstabant,
621 298 734 379 aliique
756 298 794 358 ab
816 299 933 378 origine
954 319 1051 377 reges,

220 395 393 475 Martiaque
415 396 453 454 ob
476 395 604 475 patriam
627 395 793 475 pugnando
815 396 941 455 vulnera
962 396 1054 476 passi.
1080 435 1082 439 -

220 491 381 573 Multaque
402 501 549 572 praeterea
572 489 666 551 sacris
687 493 717 550 in
739 493 877 573 postibus
897 511 1001 553 arma:
1104 528 1108 534 -
1199 527 1215 564 ·,

218 587 345 670 Captivi
367 589 503 668 pendent
523 609 642 662 currus,
667 610 831 669 curvaeque
853 610 986 662 secures,
1091 611 1096 622 ·

221 679 260 744 Et
280 684 380 745 cristae
401 687 549 765 capitum,
572 694 603 746 et
624 693 782 766 portarurn
804 686 939 764 ingentia
961 686 1104 760 claustra,
1174 721 1215 738 ·-
1320 710 1328 739 :

220 781 416 862 Spiculaque,
439 782 602 862 clipeique,
626 789 791 862 ereptaque
812 790 910 843 rostra
931 782 1055 844 carinis.
1080 860 1083 868 .
1139 767 1142 773 Δ

221 879 289 958 lpse
311 877 459 945 Quirinali
480 879 558 938 lituo
580 900 736 959 parvaque
758 878 883 948 sedebat

220 975 400 1035 Succinctus
421 975 536 1050 trabea,
559 976 697 1056 laevaque
719 975 816 1036 ancile
843 975 967 1054 gerebat

220 1071 322 1145 Picus,
340 1092 459 1154 ‘equum
481 1072 616 1155 domitor
639 1092 645 1134 :
670 1094 761 1153 quem
787 1081 876 1152 capta
897 1073 1042 1152 cupidine
1063 1072 1179 1154 conjux

218 1170 320 1230 Aurea
340 1190 520 1250 percussum
543 1169 627 1248 virga
650 1190 834 1250 versumque
855 1170 982 1229 venenis
1213 1159 1216 1162 ¹

220 1264 305 1326 Fecit
324 1286 413 1325 avem
436 1265 535 1341 Circe,
559 1266 731 1346 sparsitque
753 1266 907 1326 coloribus
928 1267 1002 1326 alas.

358 1512 440 1571 258.
453 1515 524 1570 Les
535 1513 645 1570 halus
656 1515 700 1569 de
716 1513 898 1582 scipione
915 1503 1074 1572 Literne.
1139 1539 1164 1550 21
1214 1517 1217 1523 ’
1328 1527 1329 1530 “

286 1656 313 1712 -Ᾰ
358 1608 361 1614 ¹
415 1616 472 1698 (De
492 1615 831 1706 Ιὶίίενηίηολόοῴίρηίδ
847 1616 1017 1700 balneolo.)
1117 1619 1119 1624 '

151 1801 192 1868 2.
257 1776 326 1836 Vidi
347 1775 538 1837 balneolum
554 1783 731 1855 angustum,
758 1777 1003 1860 tenebricosum,
1021 1798 1058 1841 ex
1083 1797 1219 1840 consue-

217 1873 324 1933 tudine
336 1873 472 1954 antiqua.
489 1873 602 1951 Magna
616 1893 665 1932 me
679 1874 822 1953 voluptas
842 1873 937 1934 subiit
955 1875 1218 1954 contemplantem

217 1991 318 2030 mores
339 1971 491 2050 Scipionis
514 1991 549 2030 30
565 1977 696 2030 nostros.
715 1971 749 2028 ln
772 1971 830 2029 hoc
847 1970 960 2048 angulo
975 1970 1026 2030 ille
1046 1969 1219 2052 ,Carthagi-

217 2068 264 2127 nis
280 2068 398 2140 horror,
414 2067 464 2127 cui
475 2067 573 2127 Roma
591 2067 683 2126 debet
710 2067 791 2146 quod
807 2056 927 2126 tanturn
944 2066 1036 2128 semel
1051 2075 1141 2146 capta
1155 2080 1216 2145 est,

217 2164 360 2228 abluebat
385 2185 498 2244 corpus
523 2165 646 2223 rusticis
672 2164 828 2223 laboribus
854 2165 981 2223 fessum.
1000 2164 1064 2223 Sub
1090 2163 1150 2224 hoe
1165 2167 1223 2228 ille
1335 2179 1336 2196 ¹

216 2268 298 2320 tecto
313 2269 375 2320 tarn
390 2260 514 2320 sordido
536 2261 639 2334 stetit,
655 2261 714 2320 hoc
738 2260 824 2320 illum
845 2261 1139 2341 pavimentumtam
1155 2263 1222 2324 vile

137 2417 139 2420 .
216 2358 373 2417 sustinuit.
387 2360 429 2416 At
447 2378 529 2416 nune
550 2357 618 2436 quis
635 2365 683 2417 est
703 2358 756 2437 qui
774 2358 817 2416 sic
836 2357 932 2416 lavari
943 2359 1121 2417 sustineat?
1136 2359 1223 2419 Pau·
1330 2347 1331 2350 Ἴ

216 2475 271 2534 per
283 2454 340 2512 sibi
351 2453 474 2513 videtur
485 2475 519 2513 30
534 2454 687 2526 sordidus,
705 2455 762 2513 nisi
776 2455 907 2534 parietes
922 2455 1042 2532 magnis
1057 2462 1088 2514 et
1098 2457 1219 2534 pretio·

212 2551 257 2614 sis
268 2550 393 2610 orbibus
406 2551 607 2625 refulserunt;
622 2551 681 2609 nisi
693 2551 899 2610 Alexandrina
915 2569 1067 2610 marmora
1076 2551 1219 2612 Numidi-

216 2648 259 2707 cis
272 2647 534 2708 crustisdistincta
543 2655 629 2720 sunt;
643 2648 700 2707 nisi
712 2648 771 2706 illis
786 2647 921 2728 undique
932 2659 1061 2727 operosa
1070 2655 1101 2708 et
1110 2647 1142 2706 in
1153 2649 1220 2728 pic·
1333 2719 1334 2730 χ

155 2819 159 2832 ¹
216 2745 432 2815 turaemodum
457 2746 573 2804 variata
595 2745 780 2804 circumlitio
797 2745 989 2823 praetexitur;
1008 2744 1067 2827 nisi
1084 2745 1222 2805 Thasius
1333 2737 1334 2776 l

215 2841 293 2920 lapis
317 2842 450 2921 piscinas
472 2849 593 2900 nostras
621 2840 835 2914 circumdedit,
855 2840 886 2898 in
910 2862 986 2920 quas
1007 2841 1103 2901 multa
1124 2842 1221 2902 suda·
1331 2888 1332 2894 ,

216 2939 300 2998 tione
314 2958 442 3018 corpora
465 2938 620 2998 exsaniata
639 2937 840 2996 demittimus.
857 2937 927 3010 Sed,
950 2937 982 2996 di
1013 2937 1098 3011 boni,
1123 2959 1219 3017 quam
1331 2953 1333 2998 ζ

212 3035 303 3116 juvat
311 3035 362 3094 illa
371 3034 480 3093 balnea
491 3035 604 3094 intrare
617 3035 745 3094 obscura
761 3042 792 3093 et
804 3034 916 3112 gregali
932 3034 1062 3093 tectorio
1076 3033 1220 3111 inductu,

216 3153 284 3212 quae
295 3118 552 3192 sciressCatonem
563 3132 618 3190 tibi
635 3132 753 3190 aedilem
767 3139 820 3191 aut
835 3130 962 3190 Fabium
979 3131 1147 3190 Maximum
1159 3143 1222 3193 aut
1325 3179 1326 3203 2

216 3250 252 3288 ex
263 3228 415 3288 Corneliis
430 3229 563 3307 aliquem
581 3248 673 3286 manu
687 3249 740 3287 sua
760 3229 965 3307 temperasse!
982 3227 1111 3294 Quantae
1133 3249 1221 3292 nunc
1318 3269 1320 3276 =

108 3384 110 3392 ,
215 3324 326 3403 aliquis
341 3324 523 3383 rusticitatis
534 3323 660 3382 damnat
672 3324 865 3404 Scipionem!
884 3324 1076 3384 Ohominem
1092 3325 1222 3385 calami·
1283 3387 1288 3398 ,
1315 3327 1320 3407 ’;

214 3423 332 3480 tosuml
351 3421 468 3479 Nesciit
489 3420 610 3479 viveret
630 3421 699 3479 Non
721 3430 839 3479 saccata
862 3441 940 3500 aqua
962 3421 1133 3494 lavabatur,
1161 3423 1214 3482 sed

216 3537 296 3596 saepe
312 3517 444 3589 turbida,
468 3523 508 3588 et,
537 3538 606 3576 curn
631 3517 751 3597 plueret
774 3517 998 3589 vehementius,
1021 3538 1109 3598 paene
1123 3518 1210 3580 lutu-

216 3613 311 3672 lenta!
342 3648 381 3657 -
407 3613 476 3672 Non
497 3615 630 3673 multum
657 3614 724 3694 ejus
747 3614 893 3672 intererat
919 3635 957 3672 an
978 3615 1020 3673 sic
1039 3613 1210 3691 lavaretur;
1317 3650 1321 3660 ·

216 3709 358 3768 veniebat
380 3710 459 3767 enim
483 3717 518 3769 ut
539 3711 680 3769 sudorem
694 3710 756 3770 illic
777 3710 926 3783 abluerct,
946 3731 1007 3770 non
1023 3718 1057 3770 ut
1076 3732 1220 3792 unguen0

216 3813 293 3866 turn.

635 3945 664 3952 -
689 3913 738 3965 180
759 3943 791 3952 —-
