2682 4258
172 131 311 194 marnas,
334 167 373 179 -
395 155 539 196 seleucus.
560 167 602 180 -·
621 154 761 194 SAVANTS.
784 167 822 178 ···
843 151 1033 190 PHILOSOPHES

214 511 298 571 422.
318 510 528 582 L’e'ruptton
546 514 595 571 du
612 510 759 571 vesuve
779 523 824 568 en
843 511 918 568 l’en
938 509 997 568 79.

176 699 342 782 (Vesuvius
365 699 510 760 incendia
531 699 678 780 effundit,
700 721 784 760 anno
804 699 936 759 LXXIX
950 705 1023 780 post

446 796 606 858 Christum
629 798 760 878 natum.)

56 1089 57 1096 ’
140 1077 241 1139 Multa
265 1079 309 1138 ibi
337 1080 487 1152 miranda,
517 1079 631 1138 multas
660 1079 840 1139 formidines
860 1080 1005 1159 patimur.
1024 1079 1101 1137 Nam
1130 1067 1173 1132 2·

100 1176 337 1258 vehicula'quae
357 1177 486 1256 produci
505 1177 706 1256 jusseramus,
727 1196 912 1256 quamquam
938 1175 970 1233 in
987 1174 1102 1254 planis-

14 1329 15 1332 ,
100 1274 178 1332 simo
201 1293 322 1354 campo,
351 1275 383 1333 in
412 1275 581 1334 contrarias
612 1281 714 1352 partes
738 1273 917 1351 agebantur.
942 1273 1101 1332 Praeterea

100 1370 228 1430 marein
244 1391 275 1428 se
289 1371 440 1430 resorberi
456 1378 487 1430 ct
500 1379 634 1430 tremore
653 1378 750 1430 terrae
771 1370 858 1450 quasi
880 1369 985 1449 repelli
1017 1369 1103 1428 vide-

100 1465 219 1526 bamus.
237 1466 328 1526 Certe
344 1475 534 1547 processerat
553 1468 636 1541 litus,
665 1467 823 1547 multaque
844 1467 987 1525 animalia
1008 1467 1104 1525 maris

99 1559 188 1618 siccis
203 1559 304 1618 arenis
319 1560 486 1620 detinebat.
508 1561 585 1622 Tum
605 1561 728 1621 audires
748 1559 884 1619 ululatus
905 1559 1099 1633 feminarum,

99 1656 266 1715 infantium
290 1657 466 1735 quiritatuS,
489 1657 637 1717 clamores
659 1658 796 1716 virorum
827 1674 833 1716 :
864 1656 917 1714 alii
946 1662 1100 1736 parentes,

98 1753 150 1812 alii
171 1752 297 1823 liberos,
320 1753 373 1811 alii
399 1753 547 1832 conjuges
584 1755 711 1814 vocibus
734 1753 942 1832 requirebant,
972 1753 1103 1812 vocibus

97 1849 294 1908 noscitabant
311 1869 317 1909 :
337 1850 368 1908 hi
388 1871 476 1909 suum
499 1871 613 1924 casum,
639 1851 683 1910 illi
708 1870 832 1908 suorum
854 1849 1099 1920 miserebantur;

97 1946 249 2026 erantqui
263 1947 468 2006 metu‘mortis
483 1955 613 2007 mortem
628 1954 837 2027 precarentur.
855 1947 948 2005 Multi
964 1947 1002 2005 ad
1026 1947 1103 2006 deos

14 2095 15 2110 ,
96 2063 206 2102 manus
221 2042 329 2102 tollere
348 2063 354 2117 ;
374 2044 477 2123 plures
492 2064 642 2124 nusquam
654 2044 719 2122 jam
740 2044 813 2102 deos
836 2042 916 2101 ullos
938 2050 1100 2102 aeternam-

96 2161 156 2219 que
170 2139 253 2199 illam
268 2147 299 2199 et
314 2140 513 2198 novissimam
530 2147 650 2200 noctem
664 2139 780 2199 mundo
801 2140 1099 2219 interpretabantur.

96 2236 162 2296 Nec
177 2236 342 2295 defuerunt
353 2237 406 2315 qui
430 2237 510 2296 fictis
529 2238 727 2316 mentitisque
747 2237 917 2296 terroribus
933 2257 1004 2295 vera
1019 2237 1102 2316 peri-

14 2333 15 2374 l
94 2333 165 2392 cula
194 2341 352 2410 augerent.
386 2332 522 2392 Aderant
548 2335 601 2414 qui
630 2335 741 2392 Miseni
770 2333 847 2392 illud
876 2334 984 2408 ruisse,
1022 2334 1100 2393 illud

93 2429 213 2503 ardere,
231 2429 307 2489 salso
323 2430 376 2488 sed
391 2431 588 2490 credentibus
604 2431 800 2491 nuntiabant.
820 2430 949 2490 Paulum
958 2431 1073 2490 reluxit
1088 2449 1098 2492 τ

94 2527 180 2608 quod
197 2547 260 2585 non
275 2526 341 2586 dies
355 2527 456 2598 nobis,
473 2528 526 2586 sed
541 2528 737 2587 adventantis
753 2528 832 2605 ignis
848 2528 997 2587 indicium
1014 2528 1100 2587 vide-

14 2651 15 2688 i
94 2623 199 2684 batur.
217 2623 256 2682 Et
277 2624 357 2701 ignis
377 2625 501 2702 quidem
511 2625 641 2702 longius
656 2624 803 2693 substitit,
825 2624 959 2686 tenebrae
979 2646 1096 2697 rursus,

14 2771 15 2780 ,
94 2721 172 2779 cinis
182 2741 289 2780 rursus
303 2721 418 2780 multus
434 2728 464 2779 et
479 2721 591 2798 gravis.
610 2721 701 2780 Hunc
716 2721 883 2779 identidem
900 2730 1098 2800 assurgentes

93 2817 324 2877 excutiebamus
341 2836 348 2891 ;
366 2817 466 2897 operti
480 2817 617 2897 alioquin
633 2825 724 2897 atque
740 2818 833 2877 etiam
849 2818 939 2876 oblisi
960 2818 1097 2897 pondere

93 2935 240 2973 essemus
259 2914 393 2972 Tandem
409 2913 461 2972 illa
473 2914 572 2992 caligo
588 2921 713 2974 tenuata
725 2915 812 2994 quasi
823 2915 857 2972 in
868 2915 987 2973 fumum
1000 2915 1097 2974 nebu-

14 3027 15 3068 ]
93 3010 195 3070 lamve
205 3011 346 3070 discessit
361 3029 368 3070 :
385 3031 457 3069 mox
471 3010 536 3068 dies
551 3032 652 3083 verus,
670 3011 820 3070 solatiam
836 3012 961 3083 effulsit,
977 3012 1095 3072 luridus

92 3116 208 3180 tamen,
225 3107 325 3187 qualis
340 3128 416 3180 esse,
434 3128 504 3166 cum
526 3108 639 3180 deficit,
664 3108 752 3169 solet.
774 3108 985 3167 Occursabant
1001 3110 1096 3188 trepi-

92 3191 367 3264 dantibus'adhuc
395 3205 492 3263 oculis
520 3211 638 3264 mutata
667 3205 780 3277 omnia,
817 3204 942 3284 altoque
979 3207 1094 3279 cinere,

90 3307 250 3381 tamquam
291 3291 373 3374 nive,
415 3301 559 3362 obducta.
600 3302 743 3378 Regressi
776 3302 940 3375 Misenum,
978 3304 1093 3362 curatis

92 3407 261 3478 utcumque
285 3398 477 3478 corporibus
502 3418 681 3477 suspensam
697 3398 883 3478 dubiamque
899 3406 1021 3458 noctem
1041 3421 1094 3480 spe

14 3481 15 3558 l
63 3479 126 3554 'ac
152 3502 237 3556 metu
265 3496 433 3574 exegimus.
462 3495 565 3554 Metus
587 3495 803 3574 praevalebat!
832 3517 901 3554 narn
926 3503 956 3554 et
980 3502 1101 3556 tremor·

14 3587 15 3628 3
90 3599 182 3651 terrae
197 3593 421 3672 perseverabat,
439 3598 469 3650 et
490 3591 629 3672 plerique
649 3591 799 3671 lymphati
819 3583 962 3651 terrificis
986 3594 1096 3654 vatici-

14 3701 15 3704 ’
89 3687 269 3749 nationibus
282 3695 313 3748 et
327 3709 380 3747 sua
394 3695 425 3747 et
438 3688 536 3748 aliena
550 3689 629 3748 mala
645 3688 892 3750 ludificabantur.

132 3793 172 3838 Via
189 3795 267 3846 pravus
287 3793 324 3836 dea
338 3794 453 3836 Rouruins.
1005 3797 1032 3839 20

512 3905 547 3916 -
565 3876 616 3927 305
635 3905 670 3914 —
