2682 4258
556 207 680 244 MORALE.
763 207 947 246 PlllLOSOPlllE

254 321 345 377 etiam
361 339 430 377 cum
446 318 601 396 leguntur,
618 317 754 397 obstrepi
774 317 906 376 clamore
921 317 1054 376 militum
1069 317 1254 378 videnturet

190 490 193 502 Ι
256 416 398 474 tubarum
417 435 505 474 sono.
523 417 565 474 At
579 435 653 472 vero
671 435 740 472 cum
756 413 872 492 aliquid
887 413 1064 486 clementer,
1080 423 1252 486 mansuete,
1324 423 1325 474 t

253 513 346 592 juste,
367 511 536 582 moderate,
560 510 715 591 sapienter
737 509 864 582 sactum,
894 511 926 567 in
949 510 1104 569 iracundia
1127 532 1254 590 praeser-

255 609 321 674 tim,
344 629 412 687 quae
437 614 483 665 est
502 607 625 665 inimica
641 606 779 678 consili0‚
797 612 828 664 et
848 607 879 664 in
899 607 1039 678 victoria,
1058 627 1127 687 quae
1145 615 1254 666 natura

255 704 390 763 insolens
414 712 443 762 et
464 703 594 784 superba
619 710 675 775 est,
701 709 755 761 aut
776 703 928 776 audimuS,
952 708 1006 762 aut
1028 701 1168 780 legimus,
1193 725 1255 784 quo

255 799 358 858 studio
384 799 588 871 incendimur,
614 819 675 858 non
698 799 840 858 modain
861 799 955 876 gestis
975 797 1077 868 rebus,
1093 799 1144 858 sed
1162 801 1255 859 etiam

255 897 287 955 in
303 895 393 963 ficus,
411 904 446 954 ut
458 917 510 954 eos
524 916 616 975 saepe,
633 916 710 975 quos
724 916 891 974 numquam
908 895 1053 966 vidimus
1070 895 1256 974 diligamus?
1325 917 1326 948 t

256 993 400 1052 Animum
425 993 558 1060 vincere,
580 991 770 1050 iracundiam
792 990 945 1062 cohibere,
967 993 1116 1052 victoriae
1141 1001 1259 1072 tempe·
1325 1011 1326 1014 ’

256 1109 333 1162 rare,
352 1089 560 1148 adversarium
576 1087 749 1160 nobilitate,
774 1089 908 1166 ingenio,
926 1089 1041 1148 virtute
1059 1096 1258 1168 praestantem

257 1206 318 1244 non
333 1185 426 1243 modo
450 1184 595 1244 extollere
608 1185 773 1263 jacentem,
795 1185 846 1243 sed
871 1186 961 1244 etiam
982 1185 1169 1264 amplificare
1190 1185 1259 1266 ejus

256 1281 416 1362 pristinam
434 1281 615 1359 dignitatem
636 1300 643 1341 :
671 1281 737 1339 haec
757 1282 808 1362 qui
831 1283 915 1359 tacit,
944 1303 1004 1340 non
1027 1302 1083 1359 ego
1101 1302 1172 1340 eum
1186 1302 1258 1341 cum

168 1451 172 1457 .
256 1378 384 1437 summis
401 1377 473 1436 viris
485 1397 642 1458 compar0‚
658 1378 710 1436 sed
724 1377 912 1436 simillimum
930 1378 987 1437 deo
1002 1378 1119 1458 judicu.

428 1555 513 1612 458.
533 1555 588 1610 La
606 1551 793 1610 liberalite
813 1556 850 1611 et
869 1555 909 1610 la
928 1551 1084 1612 charite.

453 1649 511 1730 (De
534 1647 724 1709 liberalitate
746 1660 774 1709 et
795 1648 832 1708 de
853 1647 1070 1732 benipaitate.)

190 1792 231 1856 2⁶
299 1782 333 1840 ln
351 1780 402 1860 illo
416 1790 518 1841 autem
529 1802 640 1858 genere
652 1780 810 1858 largiendi,
830 1782 912 1861 quod
933 1804 948 1840 a
966 1782 1149 1841 liberalitate
1165 1783 1261 1860 profi·
1327 1829 1328 1832 ,

259 1879 395 1948 ciscitur‚
414 1899 474 1935 non
498 1899 559 1936 uuo
579 1878 671 1937 modo
693 1878 724 1935 in
745 1878 916 1957 disparibus
940 1879 1040 1937 causis
1066 1880 1167 1938 allecti
1192 1900 1260 1938 esse

258 1975 416 2034 debemus.
435 1973 503 2032 Alia
523 1995 613 2032 causa
631 1981 676 2032 est
693 1974 771 2053 ejus,
791 1975 843 2054 qui
858 1975 1031 2034 calamitate
1046 1971 1206 2055 premitur,
1230 1984 1262 2034 et

259 2072 336 2151 ejus,
352 2071 404 2151 qui
430 2092 477 2128 res
501 2070 643 2130 meliores
668 2071 786 2150 quaerit,
805 2070 895 2129 nullis
917 2072 979 2130 suis
998 2071 1088 2131 rebus
1108 2071 1258 2130 adversis

262 2168 449 2247 Propensior
474 2167 648 2244 benignitas
677 2187 741 2225 esse
759 2165 882 2224 debebit
903 2167 935 2225 in
963 2168 1169 2239 calamitosos,
1200 2169 1259 2227 nisi
1328 2215 1329 2254 t

260 2265 340 2322 torte
353 2272 444 2322 erunt
457 2264 541 2340 digni
556 2264 741 2328 calamitate.
758 2263 791 2320 ln
805 2263 842 2320 iis
862 2272 975 2337 tamen,
992 2264 1044 2352 qui
1065 2285 1096 2322 se
1117 2264 1262 2344 adjuvari
1328 2255 1329 2304 l

256 2354 372 2426 volent,
389 2375 450 2413 non
459 2360 493 2411 ut
505 2373 543 2410 ne
555 2353 740 2430 affligantur,
751 2352 804 2410 sed
818 2359 853 2410 ut
865 2353 1005 2410 altiorem
1017 2352 1147 2431 gradum
1158 2375 1265 2413 ascen·
1328 2355 1329 2376 ³

255 2449 341 2523 daut,
368 2449 500 2509 restricti
527 2450 630 2508 animo
649 2470 715 2508 esse
743 2448 827 2507 nullo
853 2447 944 2506 modo
967 2450 1125 2532 debemus,
1153 2451 1208 2508 sed
1233 2453 1263 2509 in

258 2540 431 2616 deligendis
448 2539 566 2596 idoneis
581 2537 734 2617 judicium
750 2545 781 2596 et
798 2535 988 2614 diligentiam
1007 2535 1164 2596 adhibere.
1181 2537 1260 2596 Nam

259 2635 406 2716 praeclare
418 2635 536 2693 Ennius
551 2653 557 2695 :

391 2731 475 2790 Bene
492 2731 572 2789 lacta
586 2730 665 2790 male
679 2729 778 2789 locata
798 2728 970 2788 malefacta
984 2729 1127 2788 arbitror.

259 2828 347 2895 Quod
361 2836 463 2887 autem
481 2827 630 2886 tributum
647 2834 694 2886 est
705 2826 788 2885 bono
801 2827 867 2884 viro
884 2834 915 2894 et
929 2834 1027 2904 gratu,
1044 2826 1076 2884 in
1090 2845 1126 2884 eo
1139 2847 1211 2885 cum
1225 2846 1262 2884 ex

258 2926 326 3005 ipso
341 2926 459 2982 tructus
476 2933 532 2994 est,
548 2932 613 2983 tum
629 2925 719 2982 etiam
735 2945 772 2982 ex
791 2923 910 2982 ceteris.
932 2923 1041 2981 Danda
1058 2923 1154 3001 igitur
1167 2943 1263 3002 opera

259 3029 315 3094 est,
340 3030 374 3080 ut
392 3022 428 3079 iis
455 3019 610 3079 beneficiis
630 3041 721 3099 quam
746 3019 894 3099 plurimos
922 3019 1101 3094 afficiamus
1126 3039 1263 3098 quorum

258 3119 406 3178 memoria
423 3119 525 3176 liberis
541 3118 732 3197 posterisque
747 3116 905 3196 prodatur,
923 3124 958 3175 ut
978 3116 1015 3174 iis
1043 3116 1172 3193 ingratis
1197 3137 1265 3176 esse

259 3236 320 3274 non
350 3215 452 3274 liceat:
472 3215 586 3274 Omnes
606 3215 687 3271 euim
710 3214 921 3271 immemorem
945 3212 1086 3271 beneficii
1114 3213 1263 3284 oderunt,

258 3333 386 3391 eamque
403 3311 547 3391 injuriam
563 3311 594 3367 in
612 3309 793 3368 deterrenda
807 3309 991 3368 liberalitate
1007 3309 1065 3368 sibi
1085 3309 1178 3368 etiam
1199 3311 1264 3368 sieri

259 3429 391 3487 eumque
421 3408 472 3488 qui
504 3407 597 3466 saciat
611 3427 803 3464 communem
816 3407 935 3464 hostem
948 3405 1122 3464 tenuiorum
1138 3414 1262 3484 putant.

262 3509 364 3586 Atque
380 3505 446 3562 haec
462 3503 635 3581 benignitas
647 3503 736 3562 etiam
750 3502 932 3581 reipublicae
948 3509 993 3562 est
1003 3502 1098 3572 utilis,
1111 3502 1265 3561 redimere

259 3623 275 3661 e
291 3602 440 3660 servitute
455 3609 573 3679 captae,
586 3599 775 3678 locupletare
789 3600 954 3669 tenuiores,
969 3619 1010 3657 aes
1022 3598 1157 3658 alienum
1169 3600 1265 3658 surici·

260 3719 331 3777 pere
349 3698 528 3769 amicorum,
542 3697 574 3754 in
588 3697 720 3754 filiarum
736 3695 936 3754 collocatione
950 3696 1110 3776 adjuvare,
1124 3696 1200 3756 inre
1216 3695 1264 3755 vel

259 3794 425 3873 quaerenda
444 3794 492 3851 vel
505 3793 644 3870 augenda
656 3792 813 3873 opitulari.

680 3915 836 3967 -332-
