2678 4250
186 185 278 262 236.:
291 185 398 244 Scins
418 187 585 258 qu’exige
604 190 642 246 la
662 189 804 246 culture
824 190 891 247 des
910 189 1033 247 fleurs.

227 289 326 371 (Quae
347 291 487 352 curanda
508 291 571 352 sint
593 291 630 352 iis
656 292 715 374 qut'
737 295 830 374 flores
859 293 987 375 colunt.)

146 421 265 482 Pectita
287 443 357 482 cum
379 424 471 484 tellus
492 424 652 485 hortorum
675 425 790 484 semina
811 426 922 506 poscit,
1133 417 1176 484 3⁸

148 517 275 597 Pangite
297 528 362 579 tum
385 522 498 596 varios,
522 523 676 582 terrestria
698 522 808 596 sidera,
830 523 932 597 flores,
1006 593 1027 598 Ι,

144 613 286 676 Candida
308 617 427 678 leucota
448 625 480 677 et
499 618 644 679 flaventia
666 619 781 679 lumina
803 617 924 693 calthas,
1024 640 1027 646 ’

146 711 398 795 Narcissumque,
421 716 579 797 comisque
600 716 730 775 nitentia
750 715 813 776 lilia
834 714 930 788 canis,
984 737 985 740 ¹
1025 785 1027 789 7

147 809 295 870 Necnon
317 811 367 870 vel
389 813 494 872 niveos
515 813 565 872 vel
585 813 732 872 caeruleos
753 812 954 892 hyacinthos;

147 905 346 988 Ponaturque
368 928 447 969 nosse
469 909 571 968 suavis
592 909 697 981 rubor,
720 909 788 970 alba
809 930 923 969 corona
945 986 946 992 ἵ
974 917 993 985 ⁴,

145 1004 330 1084 Asphodeli‚
355 1012 387 1064 et
407 1006 556 1086 profugos
577 1007 720 1066 vinctura
741 1026 894 1087 papavera
916 1025 1050 1066 somnos.

145 1102 249 1181 Atque
272 1102 365 1161 etiam
387 1103 491 1162 tristes
513 1102 606 1162 inulae
627 1103 795 1182 serulaeque
816 1102 950 1162 minaces
1011 1173 1014 1180 ,

145 1195 343 1272 Plantentur‚
367 1183 487 1259 necnon
509 1200 662 1279 serpentia
683 1200 821 1277 gramina
842 1198 987 1272 menthae,

144 1293 186 1352 Et
207 1293 284 1353 bene
306 1295 425 1355 odorati
447 1298 538 1356 flores
560 1303 742 1376 spargantur
763 1296 878 1355 anethi.

144 1389 223 1449 Haec
243 1390 296 1450 ubi
317 1393 505 1452 credidimus
526 1393 670 1453 resolutae
692 1393 804 1452 semina
827 1399 930 1469 terrae,

143 1486 281 1546 Assiduo
303 1489 461 1566 gravidam
484 1489 724 1570 cultu'curaque
746 1490 886 1548 fovemus
910 1506 917 1550 :

144 1583 187 1643 Et
207 1585 341 1664 primum
363 1569 597 1665 moneo'largos
618 1586 764 1646 inducere
785 1585 897 1646 sontes.

145 1681 272 1741 Florida
295 1682 347 1742 sed
370 1682 494 1742 suboles
515 1691 652 1742 materna
674 1690 709 1742 ut
730 1682 861 1762 pullulat
881 1682 962 1756 alvo,
989 1749 992 1755 ²

145 1777 295 1837 Primitiis
317 1780 432 1858 plantae
454 1763 592 1839 modicos
613 1787 680 1839 tum
702 1779 837 1859 praebeat
857 1777 970 1838 imbres

144 1874 280 1935 Sedulus
301 1874 438 1935 irrorans
459 1875 563 1947 cliton,
585 1875 727 1960 ferroque
749 1875 868 1934 bicorni

146 1970 259 2031 Pectat
275 1978 310 2032 et
331 1980 481 2051 augentes
502 1973 594 2031 sulcis
615 1972 798 2032 exterminet
818 1969 939 2032 herbas.

145 2066 322 2145 Invigilate‚
346 2069 424 2128 viril
447 2069 542 2129 tacito
564 2090 634 2129 nam
656 2078 794 2150 tempora
815 2088 921 2145 gressu

144 2163 334 2242 Diffugiunt,
358 2166 533 2246 sensimque
554 2167 634 2226 celer
655 2165 847 2226 convertitur
867 2183 976 2224 annus.

453 2377 538 2436 237.
557 2379 627 2436 Les
647 2390 765 2435 roses.

512 2482 571 2562 (De
592 2481 695 2564 rosis.)

186 2612 259 2673 Vidi
281 2615 422 2674 Paestano
444 2615 576 2693 gaudere
597 2614 711 2673 rosaria
732 2614 829 2687 cultu,

229 2710 396 2771 Exoriente
419 2732 500 2770 novo
521 2711 641 2770 roscida
663 2711 817 2771 Lucifero.

187 2805 271 2866 Rara
293 2808 448 2888 pruinosis
463 2807 599 2867 ¹canebat
620 2827 738 2885 gemma
760 2807 894 2882 frutetis

230 2904 279 2963 Ad
301 2905 391 2984 primi
414 2904 515 2964 radios
537 2904 698 2964 interitura
719 2903 778 2962 die.

188 2999 372 3079 Ambigeres
394 3006 554 3080 raperetne
576 3001 654 3059 rosis
675 3002 794 3059 Aurora
815 3001 971 3074 ruborem,

227 3098 276 3156 An
298 3098 394 3170 daret,
419 3106 450 3157 et
470 3099 560 3157 llores
582 3098 713 3174 tingeret
734 3103 801 3156 orta
823 3097 899 3156 dies.

188 3191 257 3252 Ros
278 3215 368 3267 unus,
392 3195 478 3253 color
498 3209 590 3265 unus,
613 3201 644 3252 et
665 3214 762 3252 unum
783 3214 872 3252 mane
893 3193 1037 3268 duorumJ

230 3289 346 3349 Sideris
368 3300 398 3350 et
419 3291 525 3350 floris:
549 3312 619 3350 nam
641 3290 765 3349 domina
788 3310 848 3348 una
868 3289 985 3350 Venus.

187 3385 383 3446 Momentum
406 3388 554 3460 intererat
575 3407 636 3466 quo
657 3407 689 3446 se
711 3385 867 3446 nascentia
887 3387 998 3445 florum
1021 3411 1024 3416 ·
1058 3390 1060 3396 ’
1086 3388 1088 3395 ’

119 3544 132 3552 ,,
229 3483 376 3544 Germina
390 3484 595 3564 ‘comparibus
617 3483 791 3542 dividerent
812 3482 930 3562 spatiis.

122 3654 129 3664 Α
190 3579 268 3640 Haec
288 3580 369 3639 viret
389 3589 521 3659 angusto
542 3581 687 3640 loliorum
708 3586 789 3638 tecta
809 3579 913 3657 galero
930 3596 937 3654 ;
1023 3583 1026 3592 '

233 3677 321 3739 Hanc
343 3678 429 3736 tenui
451 3677 526 3736 solio
548 3681 682 3756 pulpura
702 3677 794 3735 rubra
809 3682 931 3751 'notat3
994 3683 995 3688 ’

193 3773 272 3833 llaec
293 3774 391 3855 aperit
413 3774 503 3854 primi
525 3774 647 3852 fastigia
667 3773 748 3832 celsa
769 3773 905 3846 obelisci,
959 3829 961 3831 ,

532 3962 567 3973 -
588 3921 709 3986 uu-¹
