2656 4258
653 197 738 233 uaorr
760 185 842 233 Parva

250 305 384 364 consulis
405 305 493 364 liberi
514 306 651 365 omnium
674 306 705 365 in
726 327 758 366 se
782 313 958 366 averterant
981 307 1098 378 oculos,
1124 305 1250 366 misere-

201 427 204 434 *
250 401 363 482 batque
393 423 455 460 nou
482 423 580 482 pocnae
604 403 702 481 magis
727 403 867 462 homines
894 424 988 482 quam
1020 403 1154 476 sceleris,
1187 422 1250 481 quo

249 517 373 577 poenam
390 499 491 558 meriti
510 507 612 558 essent
630 519 637 561 :
653 499 723 558 illos
744 521 780 558 eo
800 499 995 580 potissimum
1016 519 1098 558 anno
1120 499 1249 578 patriam

250 594 419 667 liberatam,
433 603 550 674 patrem
566 596 771 670 liberatorem,
784 596 980 655 consulatum
991 603 1095 655 ortum
1108 616 1146 654 ex
1160 593 1254 652 domo

250 690 352 762 Junia,
382 700 494 771 patres,
523 692 654 772 plebem,
691 692 841 772 quidquid
870 692 1001 751 deorum
1030 693 1254 771 hominumque

250 787 461 847 Romanorum
479 797 560 849 esset
574 789 731 848 induxisse
751 789 783 848 in
802 790 940 849 animum
953 795 988 847 ut
1007 789 1140 868 superbo
1155 809 1256 868 quon-

250 881 319 942 dam
332 884 407 962 regi,
424 892 490 945 tum
506 884 618 945 infesto
631 885 728 945 exsuli
742 885 919 965 proderent.
934 885 1088 945 Consules
1101 885 1135 943 in
1150 884 1256 944 sedam

250 1001 425 1059 processere
444 1003 543 1058 suam,
563 982 707 1062 missique
729 982 852 1041 lictores
872 981 1111 1042 adsumendum
1133 981 1257 1061 suppli-

250 1077 342 1137 cium.
360 1077 499 1137 Nudatos
515 1079 611 1158 virgis
628 1079 753 1139 caedunt
767 1079 928 1158 securique
947 1078 1074 1147 feriunt,
1088 1097 1159 1138 cum
1173 1077 1258 1136 inter

249 1194 341 1235 omne
353 1181 475 1254 tempus
493 1182 581 1255 pater
598 1174 763 1254 vultusque
782 1182 813 1234 et
832 1195 866 1234 os
886 1175 958 1255 ejus
973 1174 1149 1254 spectaculo
1161 1182 1255 1246 esset,

250 1271 403 1331 eminente
420 1272 522 1331 animo
538 1271 638 1352 patrio
660 1272 742 1331 inter
758 1272 895 1351 publicae
916 1292 1016 1351 poenae
1035 1270 1256 1331 ministerium.

318 1464 399 1523 187.
417 1467 474 1523 Un
492 1465 621 1523 consul
640 1468 842 1523 eundemne
861 1478 932 1522 son
952 1466 1012 1523 fils
1031 1464 1057 1524 a
1073 1466 1185 1522 mort.

416 1567 548 1652 (Consul
567 1569 672 1652 filium
693 1591 785 1630 suum
806 1570 907 1652 capite
928 1568 1085 1649 damnat.)

184 1727 224 1790 3ο
290 1752 305 1784 «
328 1727 711 1809 Quandoquidemneque
744 1729 906 1808 imperium
942 1728 1117 1799 consulare,
1153 1749 1260 1810 neque

249 1825 440 1905 majestatem
464 1826 594 1904 patriam
623 1826 751 1900 veritus,
781 1825 928 1885 adversus
949 1825 1086 1884 edictum
1114 1833 1258 1886 nostrum

249 1930 334 1981 extra
350 1922 487 1980 ordinem
501 1922 532 1980 in
547 1923 667 1981 hostem
680 1923 834 2002 pugnasti,
852 1930 892 1994 et,
908 1929 1058 2003 quantum
1079 1921 1110 1979 in
1130 1927 1160 1981 te
1179 1922 1193 1981 f
1197 1923 1258 1996 uit,

249 2018 442 2098 disciplinam
463 2018 636 2092 militarem,
664 2039 725 2099 qua
750 2019 837 2078 stetit
855 2019 893 2079 ad
916 2020 996 2077 hanc
1015 2017 1097 2078 diem
1121 2039 1261 2079 romana

249 2136 308 2189 res,
325 2114 454 2188 solvisti,
471 2135 580 2196 meque
602 2116 635 2174 in
651 2135 718 2174 eam
738 2116 952 2174 necessitatem
965 2114 1136 2188 adduxisti,
1152 2121 1187 2174 ut
1202 2125 1262 2175 aut
1308 2113 1310 2205 J

249 2211 425 2291 reipublicae
441 2211 527 2285 mihi,
546 2220 600 2271 aut
618 2212 678 2270 mei
697 2232 898 2293 meorumque
918 2211 1171 2270 obliviscendum
1188 2212 1232 2270 sit
1252 2234 1259 2274 :
1307 2249 1308 2276 l

250 2328 306 2367 nos
340 2309 442 2387 potius
477 2316 583 2367 nostro
607 2308 721 2368 delicto
748 2308 921 2388 plectemur
949 2328 1041 2388 quam
1075 2307 1260 2387 respublica
1306 2319 1307 2349 r

250 2411 336 2464 tauto
358 2425 414 2463 suo
435 2404 548 2464 damno
570 2413 674 2464 nostra
695 2413 820 2484 peccata
843 2405 923 2477 luat;
951 2404 1037 2464 triste
1063 2405 1259 2483 exemplum,

250 2501 355 2560 sedin
382 2507 539 2580 posterum
565 2501 685 2561 salubre
706 2501 866 2582 juventuti
895 2500 1020 2560 erimus.
1051 2499 1102 2559 Me
1128 2500 1261 2580 q'uid'em
1301 2509 1304 2576 l

250 2618 319 2658 cum
336 2598 457 2675 ingenia
473 2599 585 2658 caritas
602 2598 744 2669 liberum,
764 2605 830 2657 tum
850 2597 1006 2678 specimen
1026 2595 1109 2656 istud
1128 2596 1263 2659 virtutis

249 2696 411 2774 deceptum
427 2715 506 2753 vana
519 2694 651 2774 imagine
670 2695 789 2754 decoris
803 2695 838 2753 in·
851 2702 881 2753 te
896 2699 1011 2753 movet.
1028 2693 1099 2766 Sed,
1114 2713 1185 2753 cum
1202 2706 1264 2757 aut

249 2800 347 2851 morte
360 2798 411 2850 tua
425 2791 589 2850 sancienda
599 2791 832 2851 sintconsulum
852 2790 981 2870 imperia
996 2796 1051 2849 aut
1066 2789 1265 2869 impunitate
1286 2805 1287 2808 ’

249 2889 281 2948 in
296 2895 478 2968 perpetuum
490 2887 676 2965 abroganda,
692 2908 730 2946 ne
747 2896 776 2946 te
790 2887 925 2968 quidem,
939 2886 965 2946 si
978 2886 1055 2966 quid
1065 2884 1097 2944 in
1110 2891 1140 2944 te
1156 2892 1266 2950 nostri

216 3050 217 3054 ἵ
249 2971 407 3062 sanguinis
428 2990 484 3055 est,
506 3005 646 3043 recusare
668 3005 808 3044 censeam
830 2985 905 3065 quin
924 2979 1118 3064 disciplinam
1139 2983 1267 3046 milita-

250 3102 324 3153 rem,
339 3082 428 3160 culpa
446 3088 499 3139 tua
518 3081 701 3160 prolapsam,
717 3102 807 3161 poena
818 3081 972 3140 restituas.
991 3081 1015 3153 l,
1029 3079 1131 3151 lictor,
1151 3079 1266 3162 deliga

250 3178 288 3237 ad
303 3178 417 3258 palum.
442 3201 457 3233 u
487 3177 661 3237 Exanimati
689 3199 794 3238 omnes
816 3185 878 3237 tam
907 3176 1003 3237 atroci
1027 3174 1172 3255 imperi0‚
1198 3199 1267 3242 nec

250 3275 339 3334 aliter
358 3294 450 3356 quam
471 3273 554 3333 inse
576 3273 704 3354 quisque
726 3274 904 3335 destrictam
924 3279 1084 3334 cernentes
1106 3275 1265 3353 securim,

251 3378 334 3430 metu
348 3371 445 3451 magis
457 3391 548 3451 quam
563 3369 713 3430 modestia
725 3370 881 3451 quievere.
900 3371 1017 3452 ltaque,
1033 3368 1133 3428 veluti
1151 3391 1267 3435 merso

224 3468 288 3526 ⁴ab
317 3467 519 3527 admiratione
554 3467 670 3542 auimo,
705 3488 775 3527 cum
801 3466 924 3526 silentio
953 3466 1046 3526 defixi
1081 3464 1264 3546 stetissent,

249 3572 386 3644 repente,
401 3572 563 3646 postquam
576 3563 695 3624 cervice
707 3585 786 3624 caesa
799 3565 885 3624 lusus
900 3571 946 3624 est
958 3583 1060 3636 cruor,
1075 3569 1142 3623 tum
1157 3563 1267 3630 libero

249 3668 419 3741 conquestu
441 3670 555 3722 coortae
578 3682 669 3721 voces
693 3666 778 3735 sunt,
804 3667 838 3720 ut
860 3681 959 3742 neque
981 3659 1125 3721 lamentis
1152 3655 1267 3745 neque

251 3757 513 3817 exsecrationibus
530 3764 718 3838 parceretur.

674 3918 833 3969 -130-
