2656 4258
530 207 565 244 an
587 206 633 242 vra
653 205 689 242 na
711 187 827 242 socrdrl:
847 205 866 242 Α
883 204 965 241 ¹nona

245 317 320 376 lura
342 316 435 376 dabat
455 315 578 396 populis
600 315 701 396 posito
722 315 815 374 modo
837 315 944 374 consul
966 322 1078 387 aratro,

326 413 366 472 Et
386 413 461 472 levis
483 413 602 490 argenti
625 413 737 489 lamina
760 411 875 470 crimen
894 416 973 488 erat.

229 513 288 586 ‘At
309 517 473 590 postquam
496 492 631 568 Fortuna
653 509 713 568 loei
735 515 828 588 caput
850 504 962 567 extulit
983 505 1087 587 hujuS,

251 623 254 629 ·
326 607 364 664 Et
384 606 488 684 tetigit
509 627 645 666 summos
666 606 781 664 vertice
802 606 902 664 Roma
923 604 1008 673 deos,

246 699 420 762 Creverunt
440 710 471 762 et
492 724 566 783 opes
588 710 619 761 et
639 722 733 782 opum
756 703 871 761 furiosa
893 701 1018 780 cupido,

326 801 376 874 Et,
399 821 468 858 cum
491 800 671 883 possideant
691 799 836 879 plurima,
860 799 947 878 plura
969 797 1089 856 volunt.

246 896 389 963 Quaerere
411 904 453 955 ut·
467 895 639 968 absumant,
664 895 825 974 absumpta
847 895 1002 974 requirere
1025 900 1156 965 certant,

300 1053 302 1060 ,
325 996 428 1073 Atque
450 994 523 1072 ipsae
546 993 629 1050 vitiis
652 999 724 1051 sunt
745 983 1005 1052 alimenta'vices
1030 1013 1032 1018 ’

246 1091 297 1149 Sic
318 1091 430 1169 quibus
452 1090 600 1148 intumuit
622 1091 736 1148 sullusa
757 1095 866 1148 venter
886 1089 924 1147 ab
946 1088 1038 1156 unda,

326 1187 393 1254 Quo
415 1186 484 1266 plus
506 1193 579 1244 sunt
600 1194 692 1266 potae,
716 1186 784 1264 plus
806 1177 954 1244 sitiuntur
975 1205 1074 1264 aquae.

248 1284 283 1342 ln
304 1273 405 1362 pretio
427 1283 557 1362 pretium
581 1304 663 1341 nunc
685 1289 751 1342 est:
775 1282 828 1340 dat
849 1301 959 1340 census
979 1281 1124 1356 honores,

325 1379 444 1439 Census
466 1380 635 1450 amicitias;
654 1400 771 1458 pauper
793 1379 906 1458 ubique
925 1379 1020 1458 jacet.

281 1575 284 1585 ι
357 1561 361 1595 1
455 1491 1033 1596 129.Lev10i11ardoeve'rone.

399 1681 402 1693 .
486 1638 543 1718 (De
564 1659 635 1698 sene
658 1637 794 1720 quodam
817 1637 1008 1717 Veronensi.)

178 1767 220 1831 3⁰
308 1771 404 1843 Felix,
428 1771 481 1851 qui
504 1771 636 1850 propriis
658 1791 768 1828 aevum
789 1770 939 1847 transegit
961 1769 991 1827 in
1014 1769 1106 1834 arvis,

348 1869 416 1945 lpsa
439 1863 547 1926 domus
570 1888 698 1946 puerum
722 1887 811 1947 quem
834 1867 930 1939 videt,
954 1867 1020 1946 ipsa
1042 1877 1162 1936 senem,

306 1963 364 2032 Qui
387 1964 496 2024 baculo
519 1965 619 2024 nitens
641 1965 673 2022 in
696 1985 755 2043 qua
776 1965 911 2042 reptavit
931 1983 1022 2022 arena

347 2061 447 2119 Unius
469 2069 610 2119 numerat
632 2060 751 2119 saecula
774 2061 863 2138 longa
886 2080 985 2120 casae.

308 2158 397 2216 lllum
414 2169 483 2216 ‘non
504 2158 590 2216 vario
612 2157 706 2215 traxit
727 2158 851 2229 fortuna
872 2156 1019 2228 tumultu,

347 2255 410 2312 Nec
432 2254 508 2312 bibit
532 2255 652 2330 ignotas
674 2253 796 2312 mobilis
818 2253 934 2332 hospes,
952 2270 1059 2332 aquas

306 2339 376 2408 Non
399 2351 476 2408 lreta
499 2358 650 2408 mercator
673 2344 808 2420 tremuit,
832 2371 893 2408 non
914 2349 1042 2408 classica
1064 2347 1163 2419 miles,

348 2447 417 2505 Non
440 2447 523 2504 rauci
547 2447 615 2504 lites
638 2447 766 2526 pertulit
787 2447 838 2504 ille
860 2447 930 2505 lori.

210 2541 213 2547 ‘
307 2543 451 2602 Indocilis
474 2527 587 2610 rerum,
611 2544 730 2602 vicinae
752 2542 873 2602 nescius
895 2543 992 2615 urbis,

347 2639 503 2719 Adspectu
527 2641 640 2699 fruitur
661 2639 802 2699 liberiore
825 2640 899 2719 poli.

308 2737 461 2814 Frugibus
483 2737 618 2808 alternis,
642 2758 703 2796 non
726 2737 852 2796 consule
873 2742 1034 2815 computat
1055 2755 1169 2794 armum

265 2867 302 2885 ,.
346 2836 538 2892 Autumnum
561 2834 671 2912 pomis,
695 2854 750 2891 ver
771 2833 828 2892 sibi
851 2834 927 2891 tlore
951 2839 1048 2892 notat.
1097 2877 1099 2884 ,

287 2985 289 2990 .
308 2930 392 2990 Idem
415 2918 523 2989 condit
545 2951 617 3008 ager
638 2930 716 2988 soles
738 2929 882 3009 idemque
904 2929 1034 3000 reducit,
1080 2927 1081 2932 '
1143 2925 1145 2934 ’

308 3125 466 3208 Ingentem
488 3124 628 3181 meminit
650 3142 745 3202 parvo
767 3123 820 3203 qui
842 3123 978 3200 germine
1000 3144 1160 3202 quercum,

346 3221 605 3301 AEquaevumque
626 3220 713 3278 videt
734 3220 929 3278 consenuisse
951 3240 1070 3293 nemuS,

308 3318 450 3398 Proxima
471 3316 521 3376 oui
543 3316 639 3394 nigris
660 3315 781 3374 Verona
804 3316 951 3374 remotior
974 3315 1068 3390 Indis,
1165 3379 1166 3382 ,

347 3413 564 3492 Benacumque
586 3419 675 3491 putat
698 3412 789 3471 litora
811 3413 917 3498 Rubra
938 3412 1050 3473 lacum.

242 3054 277 3111 Ι·
346 3028 536 3106 Metiturque
559 3048 614 3085 suo
636 3027 769 3084 rusticus
791 3026 865 3085 orbe
886 3026 994 3086 diem:
1080 3075 1084 3082 ,
1257 3074 1261 3084 .

307 3509 367 3568 Sed
389 3517 492 3593 tamen
515 3509 683 3567 indomitae
704 3508 797 3581 vires,
822 3510 979 3590 firmisque
1001 3508 1124 3568 lacertis
1258 3499 1262 3510 ’
1320 3539 1321 3614 q

346 3606 434 3664 AEtas
456 3606 617 3664 robustum
640 3606 730 3664 tertia
752 3606 856 3664 cernit
878 3627 981 3666 avum.
1015 3667 1017 3674 ,

308 3701 397 3759 Erret
418 3708 449 3759 et
470 3708 622 3759 extremos
645 3701 721 3759 alter
742 3709 898 3760 scrutetur
920 3702 1053 3761 Hiberos
1076 3720 1083 3763 τ
1114 3779 1116 3783 Ι

349 3798 421 3856 Plus
444 3799 535 3857 babet
556 3797 606 3856 hic
628 3797 720 3869 vitae,
744 3797 814 3872 plus
836 3798 929 3856 habet
950 3798 1001 3856 ille
1024 3800 1102 3858 viae.

601 3903 603 3908 ’
677 3923 818 3970 ..ou-
