2656 4258
144 159 226 216 171.
246 159 527 217 L'adolesoenee
547 159 652 216 d’une
671 159 799 230 vierge
819 157 1042 216 chre'lienne.

151 268 324 349 (Quomodo
346 269 434 353 virpo
455 270 638 344 christiana,
664 271 788 332 ineunte
809 270 1031 346 adulescentia,

455 366 645 428 instituenda
666 367 731 448 sit.)

132 527 299 606 Postquam
318 526 405 604 virgo
423 526 638 605 grandiuscula
655 548 721 586 esse
739 528 867 607 coeperit
888 535 919 586 et
936 528 967 586 in
990 549 1093 586 exem·
1119 527 1160 591 2⁰

96 623 176 702 plum
200 623 312 702 Sponsi
337 623 385 682 sui
405 643 541 682 crescere
562 624 720 703 sapientia,
737 631 826 682 aetate
848 632 880 682 et
896 624 993 702 gratia
1011 624 1092 703 apud

96 720 192 779 Deum
216 727 247 778 et
268 719 417 792 homines,
444 727 551 800 pergat
574 720 612 778 ad
636 720 786 800 templum
806 720 871 780 veri
896 722 994 780 Patris
1022 742 1092 780 cum

95 817 270 895 parentibus
279 817 352 875 suis.
362 818 536 897 Numquam
548 818 612 875 sine
621 825 717 876 matre
728 817 874 896 procedat
884 818 915 875 in
921 807 1092 898 publicum.

20 899 21 906 ἵ
95 913 296 992 Praeponatur
316 913 343 970 ei
367 913 470 993 probae
487 913 569 986 fidei,
587 921 618 972 et
632 934 752 972 morum
768 934 802 972 ac
822 914 980 994 pudicitiae
1004 914 1093 991 virgo

95 1018 247 1070 veterana.
266 1008 345 1069 Nolo
356 1009 393 1068 de
407 1010 559 1069 ancillulis
572 1011 633 1068 suis
647 1011 779 1091 aliquam
792 1011 861 1089 plus
873 1011 992 1090 diligat,
1003 1011 1093 1090 cujus

93 1107 199 1164 crebro
224 1105 350 1165 auribus
380 1107 561 1166 insusurret.
588 1107 694 1166 Discat
720 1107 820 1166 lanam
847 1107 956 1181 lacere,
989 1114 1093 1166 tenere

93 1203 204 1274 colum,
219 1223 334 1282 ponere
350 1202 381 1260 in
397 1203 513 1281 gremio
529 1202 695 1276 calathum,
713 1211 813 1263 rotare
829 1204 942 1264 fusum.
963 1205 1094 1284 Spernat

94 1299 278 1378 bombycum
290 1298 377 1372 telas,
390 1301 498 1358 Serum
510 1299 633 1374 vellera,
647 1308 676 1359 ct
688 1322 796 1359 aurum
807 1301 839 1358 in
849 1301 898 1359 fila
909 1300 1091 1362 lentescens·

93 1395 174 1455 Talia
194 1396 379 1455 vestimenta
398 1405 487 1476 paret
505 1397 616 1474 quibus
632 1397 764 1476 pellatur
779 1397 887 1476 frigus,
905 1418 966 1455 non
982 1398 1093 1479 quibus

95 1494 202 1552 vestita
225 1513 355 1572 corpora
373 1494 539 1552 nudentur.
564 1493 624 1552 Pro
644 1493 773 1571 gemmis
798 1500 829 1552 et
850 1495 947 1552 serico
970 1495 1093 1554 divinos

92 1589 213 1648 codices
233 1596 324 1650 amet.
349 1590 477 1648 Mandat
496 1591 595 1669 primo
618 1590 983 1670 memoriaepsalterium,
1009 1599 1040 1650 et
1061 1591 1092 1650 in

95 1685 268 1761 Proverbiis
288 1685 461 1744 Salomonis
482 1687 640 1745 erudiatur
660 1687 824 1746 advitam.
852 1687 887 1746 ln
910 1686 1093 1746 Ecclesiaste

95 1790 276 1841 consuescat
297 1803 366 1861 quae
391 1783 497 1867 mundi
524 1791 596 1842 sunt
620 1783 747 1842 calcare.
774 1784 810 1842 ln
833 1784 893 1842 Job
917 1785 1041 1843 virtutis
1063 1791 1095 1843 et

20 1903 21 1910 ¹
94 1879 250 1960 patientiae
265 1879 404 1958 exempla
420 1886 564 1938 sectetur.
587 1879 634 1938 Ad
654 1875 821 1957 Evangelia
839 1887 984 1953 transeat,
1004 1902 1093 1939 nurn-

20 2001 21 2062 }
94 1997 183 2054 quam
197 1996 230 2034 ea
243 1975 382 2055 positura
394 1975 431 2034 de
442 1977 595 2036 manibus,
611 1976 832 2056 Apostolorum
847 1969 958 2035 deinde
971 1980 1048 2036 Acta
1063 1986 1094 2036 et
1151 1967 1153 1974 ¹

20 2075 21 2086 ¹
95 2071 258 2151 Epistulas,
281 2073 451 2152 Prophetas
469 2080 500 2131 et
517 2073 636 2151 Regum
656 2072 750 2131 libros
768 2081 833 2132 tota
850 2074 950 2132 cordis
965 2074 1097 2158 imbibat¹

96 2169 263 2227 voluntate.
282 2169 327 2227 Ne
345 2158 450 2228 doctas
466 2171 612 2249 quasdam
632 2176 767 2230 sectetur
786 2191 854 2250 quae
873 2191 954 2228 nunc
980 2171 1094 2230 strictis

97 2265 250 2338 (lentibus,
266 2286 348 2324 nunc
371 2265 459 2323 labiis
479 2265 637 2325 dissolutis
657 2267 821 2326 Horatium
841 2287 910 2326 curn
932 2267 1092 2344 Psalterio,

96 2361 253 2420 Maronem
268 2383 339 2420 cum
360 2362 544 2440 Evangeliis‚
562 2383 632 2421 cum
651 2363 809 2442 Apostolis
829 2364 1007 2423 Ciceronem
1025 2386 1096 2445 pro·

96 2457 206 2517 serunt.
220 2459 318 2517 Surda
334 2459 373 2517 sit
386 2459 423 2516 ad
437 2479 562 2536 organa.
577 2459 674 2532 Tibia,
694 2459 770 2539 lyra,
790 2460 918 2533 cithara,
936 2481 991 2520 cur
1004 2460 1094 2520 sactae

95 2554 155 2612 sint
167 2555 294 2614 nesciat.
312 2555 434 2614 Reddat
453 2556 544 2614 matri
566 2577 695 2635 pensum
715 2557 854 2636 quotidie
869 2557 907 2616 de
923 2557 1095 2637 Scriptura-

95 2671 160 2708 rum
174 2651 303 2710 floribus
316 2659 467 2733 carptum.

209 2873 291 2931 172.
312 2873 512 2930 'tertullien
532 2876 661 2931 contre
680 2876 720 2931 la
739 2875 977 2944 eoquetterie.
1003 2871 1005 2878 '

190 2975 374 3058 (Muliebres
396 2977 566 3038 mirnditias
592 2978 806 3039 Tertullianus
827 2979 992 3062 increpat.)

133 3134 210 3202 Quid
228 3143 314 3195 tanta
335 3136 464 3195 ornandi
486 3138 595 3217 capitis
615 3138 786 3218 operositas
811 3138 848 3197 ad
871 3139 1000 3198 salutem
1023 3139 1093 3198 sub·
1120 3141 1162 3206 2⁶

97 3231 269 3292 ministrat?
282 3233 362 3300 Quid
377 3235 513 3292 crinibus
530 3235 640 3293 vestris
658 3235 814 3315 quiescere
828 3257 888 3294 non
902 3237 984 3309 licet,
999 3238 1093 3296 modo

21 3335 22 3338 ’
97 3327 278 3402 substrictis,
297 3330 389 3388 modo
408 3331 560 3402 relaxatis
576 3331 668 3390 modo
689 3332 967 3404 suscitatiS‚'modo
985 3334 1104 3394 elisis‘l

97 3424 223 3502 Affigitis
237 3434 384 3506 praeterea
407 3429 604 3508 nescioquas
625 3430 822 3507 enormitates
845 3430 982 3488 sutilium
1000 3439 1104 3510 atque'

99 3522 243 3582 textilium
272 3522 557 3602 capillamentorum
582 3526 716 3584 nuncin
741 3526 836 3602 galeri
857 3527 983 3586 modum
1005 3529 1093 3608 quasi

99 3618 233 3694 vaginam
255 3621 349 3699 capiti
372 3628 403 3679 et
423 3623 602 3701 operculum
623 3622 757 3695 verticis,
779 3643 861 3681 nunc
887 3625 918 3682 in
935 3624 1091 3683 'cervicem

98 3719 173 3772 retro
190 3723 378 3794 suggestum.
397 3717 503 3775 Sinon
518 3719 615 3797 pudet
634 3719 836 3791 enormitatis
858 3722 971 3800 pudeat
990 3721 1105 3799 inqui-¹

512 3905 666 3956 -119-
