2682 4258
484 122 520 158 LA
540 121 587 158 VlE
609 106 711 158 Pultrin
732 123 784 159 DES
805 123 933 158 nonlntns

206 251 326 288 mecum
354 238 484 301 scrutor,
509 233 653 311 factaque
677 254 712 292 ac
734 233 816 292 dicta
847 254 914 292 mea
936 233 1094 292 remetior.
1125 233 1215 293 Nihil

206 325 281 384 mihi
300 327 364 407 ipse
383 329 551 401 abscondO,
577 329 653 388 nihil
674 337 808 392 transeo,
827 330 927 397 Quare
943 331 1024 390 enim
1042 331 1211 410 quidquam

174 480 179 490 ,
205 444 246 482 en
260 425 416 483 erroribus
431 426 506 486 meis
521 427 668 485 timeam?
687 448 756 486 cum
773 427 889 506 possim
910 427 1032 488 dicere:
1049 451 1063 482 a
1074 427 1160 510 'Vide
1174 449 1213 487 ne

205 520 288 578 istud
315 522 446 602 amplius
467 523 571 594 faciae,
593 544 675 582 nunc
692 523 749 581 tibi
775 524 913 600 ignosco.
940 525 976 583 ln
1001 525 1052 584 illa
1074 525 1215 604 disputa-

205 617 289 676 tione
314 620 485 698 pugnacius
512 620 633 678 locutus
656 641 688 678 es
714 638 720 679 :
755 621 819 679 noli
844 630 950 699 postea
975 622 1120 698 congredi
1143 644 1214 682 cum

206 713 355 794 imperitis
369 734 379 781 ;,
393 717 502 775 nolunt
522 717 641 775 discere
657 717 710 795 qui
728 737 896 797 numquam
914 717 1101 777 didicerunt.
1122 719 1213 778 lllum

205 811 332 870 liberius
348 812 537 872 admonuisti
555 835 646 893 quam
663 813 815 889 debebas;
839 815 942 896 itaque
955 836 1017 874 non
1026 817 1212 890 emendasti,

205 909 258 966 scd
273 909 426 968 offendisti
447 930 454 970 ε
476 910 513 969 de
532 919 635 970 cetero
653 911 735 983 vide,
756 933 817 970 non
835 919 956 971 tanturn
976 934 1015 972 an
1042 934 1149 972 verum
1173 915 1215 972 sit

206 1005 285 1085 quod
304 1006 390 1080 dicis,
404 1007 457 1066 sed
474 1029 510 1066 an
527 1007 589 1080 ille,
607 1008 657 1066 cui
670 1007 795 1082 dicitur,
811 1011 878 1068 veri
896 1010 1017 1090 patiens
1032 1009 1082 1069 sit.
1095 1011 1214 1070 Admo-

205 1103 270 1160 neri
282 1103 381 1162 bonus
390 1105 503 1182 gaudet
514 1125 520 1166 :
532 1106 683 1184 pessimus
692 1107 823 1187 quisque
831 1114 1037 1166 correctorem
1046 1108 1215 1188 asperrime

206 1200 367 1278 patitur.»
425 1275 429 1286 .

335 1361 419 1419 497.
440 1364 490 1418 Le
511 1363 710 1419 souverain
729 1362 813 1419 bien
832 1362 990 1419 n’existe
1010 1377 1079 1433 que

562 1435 657 1490 dans
677 1435 716 1490 la
735 1435 855 1490 vertu.
1044 1431 1048 1442 '

366 1519 415 1601 (In
437 1519 550 1581 virtute
572 1520 638 1580 sola
660 1542 817 1579 summum
840 1526 886 1580 est
907 1519 1050 1600 bonum.)

123 1685 178 1740 nh.
244 1680 302 1739 lllo
330 1700 403 1756 ergo
432 1701 587 1739 summum
612 1681 725 1738 bonum
756 1679 934 1754 adscendat,
962 1680 1042 1739 unde
1069 1681 1155 1740 nulla
1181 1687 1213 1743 vi

204 1775 395 1850 detrahatur,
408 1798 469 1856 quo
485 1797 583 1858 neque
599 1777 709 1850 dolori,
726 1797 825 1857 neque
840 1777 917 1857 spei,
935 1798 1034 1858 neque
1049 1777 1154 1836 timori
1171 1779 1214 1837 sit

203 1874 316 1947 aditus,
339 1894 394 1932 nec
415 1875 468 1932 ulli
493 1874 535 1932 rei
558 1894 626 1954 quae
649 1874 782 1932 deterius
805 1873 916 1932 summi
937 1874 1010 1932 boni
1029 1874 1082 1954 jus
1103 1874 1212 1937 saciat.

203 1971 374 2030 Escendere
385 1979 488 2030 autem
504 1970 556 2029 illo
571 1971 635 2029 sola
650 1972 749 2029 virtus
762 1978 864 2050 potest
877 1990 884 2044 ;
902 1969 982 2029 illius
999 1970 1094 2049 gradu
1108 1972 1213 2031 clivus

201 2069 257 2128 iste
279 2069 468 2146 frangendus
486 2075 552 2140 est;
577 2067 628 2127 illa
646 2067 768 2127 sortiter
788 2068 893 2139 stabit,
915 2076 946 2127 et
968 2068 1121 2148 quidquid
1137 2089 1213 2128 eve·

201 2167 281 2224 nerit
293 2166 371 2224 leret
388 2186 450 2224 non
469 2166 589 2244 patiens
605 2172 736 2238 tantum,
752 2165 908 2223 sedetiam
921 2165 1050 2237 volens3
1069 2186 1210 2225 omnem·

199 2284 259 2342 que
271 2271 445 2342 temporum
457 2262 670 2321 difficultatem
679 2262 754 2320 sciet
765 2261 863 2339 legem
876 2283 942 2320 esse
958 2269 1088 2322 naturae.
1103 2263 1153 2336 Et,
1176 2271 1213 2322 ut

200 2361 299 2419 honus
328 2359 426 2434 miles,
462 2360 542 2418 leret
571 2359 710 2429 vulnera,
743 2359 937 2418 enumerabit
968 2359 1142 2434 cicatrices,
1179 2368 1212 2419 et

200 2458 466 2516 transverberatus
486 2457 555 2516 telis
575 2456 711 2514 moriens
732 2455 848 2514 amabit
865 2477 934 2515 eum
959 2477 1015 2537 pro
1036 2477 1099 2542 quo
1119 2457 1211 2517 cadet

199 2557 428 2635 imperatorem,
450 2553 576 2613 habebit
599 2552 631 2612 in
653 2553 755 2612 animo
777 2561 867 2612 vetus
892 2552 969 2612 illud
992 2561 1208 2634 praeceptum:

199 2654 299 2712 Deum
328 2673 466 2732 sequere.
494 2650 640 2732 Quisquis
664 2658 767 2709 autem
796 2651 947 2730 queritur,
978 2656 1010 2710 et
1037 2650 1149 2730 plorat,
1178 2659 1210 2710 et

199 2751 306 2829 gemit,
317 2751 466 2829 imperata
475 2750 575 2808 lacere
586 2748 614 2806 vi
628 2747 760 2824 cogitur,
777 2754 807 2806 et
820 2748 935 2806 invitus
945 2747 1064 2826 rapitur
1074 2747 1112 2806 ad
1120 2748 1209 2828 jussa

155 2827 161 2838 „
199 2847 410 2906 nihilominus.
432 2847 506 2914 Quae
522 2854 626 2905 autem
642 2845 795 2902 dementia
818 2853 874 2916 cst,
891 2844 996 2923 potius
1012 2844 1093 2902 trahi
1112 2865 1209 2923 quam

198 2945 307 3024 sequi?
325 2954 398 3017 tam,
421 2942 623 3012 mehercules,
643 2963 734 3021 quam
754 2941 883 2999 stultitia
897 2949 927 2999 et
942 2940 1116 3018 ignorantia
1135 2962 1210 3000 con-

198 3042 330 3100 dicionis
349 3062 424 3114 suae,
448 3040 562 3107 dolere,
585 3039 668 3120 quod
686 3045 733 3098 est
751 3037 864 3118 aliquid
886 3041 939 3096 aut
960 3037 1071 3096 incidit
1085 3038 1209 3112 durius,

199 3159 294 3218 aeque
310 3139 424 3210 mirari,
440 3147 493 3197 aut
510 3138 636 3214 indigne
652 3137 732 3194 ferre
745 3157 780 3194 ea
796 3157 864 3216 quae
878 3143 939 3194 tam
955 3134 1045 3193 bouis
1061 3135 1212 3194 accidunt

198 3257 289 3315 quam
305 3236 391 3294 malis
409 3255 415 3296 :
433 3235 557 3292 morbos
567 3235 647 3306 dico,
666 3234 785 3305 funera,
805 3232 990 3302 debilitates,
1006 3238 1037 3289 et
1054 3238 1156 3290 cetera
1170 3252 1211 3292 ex

199 3343 373 3392 transverso
396 3333 426 3390 in
452 3333 548 3390 vitam
573 3331 738 3390 humanam
761 3329 960 3388 incurrentia.
984 3327 1141 3408 Quidquid
1170 3349 1207 3387 ex

199 3430 335 3489 universi
353 3429 576 3488 constitutione
598 3426 777 3508 patiendum
800 3432 856 3500 est,
881 3445 993 3503 magno
1017 3425 1212 3503 suscipiatur

198 3529 312 3586 animo.
325 3526 373 3586 Ad
390 3527 448 3585 hoe
464 3533 689 3585 sacramentum
707 3523 806 3582 adacti
821 3543 937 3594 sumne,
955 3521 1035 3580 serre
1049 3521 1207 3594 mortalia,

199 3646 255 3684 nec
275 3623 449 3704 perturbari
473 3623 510 3681 iis
535 3643 603 3703 quae
621 3622 719 3679 vitare
741 3627 853 3678 nostrae
876 3618 1038 3698 potestatis
1062 3627 1207 3678 nonest.

200 3723 234 3780 ln
249 3742 344 3798 regno
363 3722 426 3800 nati
446 3741 551 3778 sumus
569 3738 575 3779 :
596 3719 661 3777 Deo
679 3737 784 3798 parere
803 3717 927 3775 libertas
945 3722 1001 3774 est.

608 3910 648 3922 —
670 3875 787 3936 364-
