2678 4250
292 152 375 210 248.
398 151 467 208 Sur
481 150 537 207 les
554 150 691 206 termes
706 149 900 206 romatnes.

317 305 319 313 .
429 256 487 336 (De
503 254 640 315 romanis
656 253 767 338 vittis.)

19 333 21 408 l

142 415 340 476 Fructuosior
351 401 401 474 ¹est
414 421 497 475 certe
512 413 626 473 fundus
642 421 768 494 propter
788 413 929 487 aedificia,
952 414 976 472 si
992 415 1096 494 potius
1134 425 1175 488 3⁰

104 511 137 572 ad
154 513 351 593 antiquorum
368 512 557 590 diligentiam
573 531 669 591 quam,
681 510 845 578 adhorum
857 510 1010 599 Iniuriam
1025 510 1097 570 diri-

103 630 152 688 gas
171 609 416 668 aedificationem.
435 608 483 666 Illi
499 608 580 667 enim
595 608 750 686 faciehant
770 607 808 668 ad
823 607 980 667 fructuum
1001 608 1096 689 ratio-

19 715 21 780 }
103 725 181 780 nem,
206 705 237 764 hi
259 705 379 765 faciunt
403 705 442 764 ad
465 703 608 763 libidines
634 704 809 776 indomitas.
837 704 945 784 ltaque
973 703 1096 763 illorum

102 802 180 862 villae
196 803 319 862 rusticae
332 787 565 882 erant'majores
581 821 673 881 quam
689 801 825 874 urbanae,
840 821 909 884 quae
925 820 1007 860 nunc
1025 808 1098 880 sunt

101 899 253 980 pleraeque
265 907 383 960 contra.
401 898 467 958 lllic
481 897 665 958 laudabatur
680 897 763 972 villa,
776 897 801 956 si
816 896 950 957 hahebat
962 897 1095 957 culinam

19 979 21 1058 l
101 996 243 1056 rusticam
257 997 380 1067 bonam,
395 994 652 1075 praesaepialaxa,
684 994 793 1059 cellam
808 993 956 1053 vinariam
973 999 1003 1053 et
1017 993 1097 1052 olea-

19 1063 21 1120 l
100 1093 175 1151 riam
198 1092 237 1152 ad
261 1092 387 1151 modum
417 1092 481 1170 agri
507 1097 620 1171 aptam,
646 1097 677 1151 et
707 1091 885 1170 pavimento
908 1081 1037 1170 proclivi
1064 1091 1097 1148 in-

99 1189 211 1250 lacum.
234 1189 312 1249 Item
329 1196 430 1248 cetera
452 1196 487 1247 ut
505 1195 607 1246 essent
627 1187 659 1246 in
679 1187 752 1247 villa
777 1186 1000 1268 hujuscemodi,
1027 1208 1097 1267 quae

98 1286 219 1346 cultura
245 1292 406 1365 quaereret,
435 1284 649 1365 providebant.
683 1284 773 1343 Nunc
797 1269 966 1344 contra'ut
993 1283 1096 1343 villam

100 1383 248 1442 urbanam
269 1402 360 1463 quam
384 1382 548 1440 maximam
568 1401 602 1440 ac
623 1380 838 1460 politissimam
859 1379 993 1440 habeant
1022 1378 1097 1438 dant

97 1499 235 1559 operam,
254 1499 290 1538 ac
311 1499 381 1538 cum
396 1478 514 1537 Metelli
528 1499 564 1537 ac
586 1477 705 1537 Luculli
722 1477 803 1536 villis
819 1478 952 1556 pessimo
971 1477 1096 1557 publico

97 1575 256 1635 aedificatis
271 1582 401 1636 certant.
420 1575 487 1642 Quo
504 1575 536 1633 hi
551 1574 693 1634 laborant
708 1583 742 1634 ut
760 1581 902 1653 spectent
915 1595 970 1634 sua
990 1575 1096 1633 aestiva

19 1661 21 1702 l
98 1671 264 1732 triclinaria
279 1671 317 1731 ad
332 1668 429 1749 frigus
439 1672 576 1743 orientis,
590 1670 716 1730 hiberna
730 1670 768 1730 ad
783 1671 879 1730 solem
892 1671 1094 1743 occidentem,

19 1813 21 1818 -
97 1769 325 1850 potiusquam,
348 1775 384 1828 ut
408 1769 538 1848 antiqui,
562 1768 593 1826 in
615 1787 707 1848 quam
732 1773 850 1847 partem
874 1766 951 1828 cella
976 1767 1096 1826 vinaria
1177 1814 1179 1819 .

97 1874 151 1924 aut
170 1865 283 1925 olearia
304 1865 455 1924 fenestras
476 1865 614 1939 baberet,
633 1885 703 1926 cum
720 1865 839 1924 fructus
856 1863 888 1924 in
903 1885 937 1922 ca
959 1863 1097 1922 vinarius
1177 1862 1179 1868 ’

96 1969 216 2042 quaerat
230 1961 268 2021 ad
282 1960 365 2021 dolia
385 1982 454 2021 aera
470 1961 670 2040 frigidiorem,
687 1961 730 2021 ita
745 1961 858 2020 olearia
877 1959 1054 2021 caldiorem.

364 2137 448 2196 249.
467 2140 517 2195 Le
531 2136 590 2194 hle
606 2138 643 2195 et
657 2138 697 2196 la
710 2137 832 2207 vigne.

372 2242 431 2323 (De
444 2242 603 2323 frumento
618 2241 700 2302 etde
715 2241 829 2325 vinea.)

136 2399 214 2478 Cum
237 2408 318 2474 terra
340 2401 456 2480 gremio
478 2402 599 2462 mollito
622 2421 657 2462 ac
678 2401 806 2462 subacto
828 2423 967 2482 sparsum
993 2422 1095 2461 semen
1121 2413 1162 2478 2⁸

93 2498 227 2577 excepit,
240 2499 374 2578 primum
386 2498 418 2557 id
431 2504 616 2558 occaecatum
628 2499 752 2558 cohibet
764 2518 770 2573 ;
786 2499 895 2558 deinde
906 2499 1095 2579 tepefactum

93 2614 210 2674 vapore
226 2601 257 2654 et
278 2615 455 2674 compressu
477 2614 533 2653 suo
551 2593 695 2667 diffindit,
719 2603 751 2654 et
765 2595 848 2654 elicit
862 2596 1094 2655 herbescentem

93 2712 185 2750 exeo
203 2691 402 2765 viriditatem,
421 2691 575 2772 quae,nisa
599 2691 684 2772 fibris
707 2691 859 2771 stirpium,
885 2693 998 2753 sensim
1021 2693 1096 2751 adu·

93 2787 194 2861 lescit,
224 2787 389 2868 culmoque
424 2794 524 2846 erecta
555 2786 739 2866 geniculato,
768 2787 887 2866 vaginis
911 2789 975 2869 jam
1007 2787 1094 2869 quasi

92 2885 267 2964 pubescens
288 2884 481 2958 includitur;
501 2905 516 2943 e
536 2867 647 2964 quibus
672 2905 741 2944 cnm
757 2885 890 2958 emersit,
913 2885 1016 2945 fundit
1033 2885 1096 2943 fru-

92 3001 164 3060 gem
191 2982 279 3062 spici,
303 2981 412 3040 ordine
440 2988 599 3054 structam,
627 2989 658 3041 et
683 2989 789 3040 contra
813 2982 916 3040 avium
941 2983 1094 3040 minorum

91 3099 216 3138 morsus
238 3077 379 3138 munitur
399 3077 480 3137 vallo
496 3079 669 3138 aristarum.
693 3077 772 3136 Vitis
793 3099 879 3151 ver0,
895 3100 964 3159 quae
987 3086 1095 3138 natura

19 3155 21 3228 l
90 3173 209 3234 caduca
227 3182 285 3250 est,
309 3181 351 3248 et,
368 3175 427 3233 nisi
447 3175 525 3233 fulta
540 3181 596 3247 est,
614 3174 652 3235 ad
668 3181 780 3233 terram
799 3175 907 3249 fertur,
924 3176 1040 3248 eadem,
1061 3183 1095 3234 ut

19 3273 21 3314 l
89 3292 123 3330 se
152 3272 259 3352 erigat,
288 3271 446 3331 claviculis
472 3272 545 3345 suiS,
575 3271 662 3352 quasi
689 3254 840 3343 manibus,
870 3272 1021 3352 quidquid
1045 3265 1094 3332 ¹est
1154 3285 1156 3290 '

89 3375 197 3442 nacta,
220 3368 456 3448 complectitur:
476 3388 568 3448 quam
584 3375 756 3448 serpentem
775 3367 938 3448 multiplici
954 3369 1041 3449 lapsu
1065 3377 1096 3428 et

88 3465 236 3539 erratico,
261 3465 343 3525 ferro
361 3472 523 3544 amputans
547 3472 670 3524 coercet
691 3485 739 3524 ars
754 3464 969 3542 agricolarum,
990 3487 1028 3525 ne
1043 3467 1096 3524 sil-

87 3568 201 3622 vescat
232 3561 393 3622 sarmentis
424 3569 455 3620 et
484 3561 516 3619 in
549 3581 655 3620 omnes
687 3567 788 3640 partes
814 3561 908 3620 nimia
933 3563 1091 3622 tundatur.

88 3659 215 3739 ltaque,
231 3659 356 3718 ineunte
374 3679 457 3731 vere,
474 3657 505 3717 in
521 3658 558 3716 iis
573 3679 642 3738 quae
657 3657 762 3717 relicta
778 3665 860 3731 sunt,
881 3659 1001 3718 exsistit
1019 3669 1095 3719 tam-

85 3776 188 3836 quam
211 3755 248 3815 ad
270 3753 414 3814 articulos
437 3763 660 3814 sarmentorum
676 3774 711 3812 ea
733 3749 801 3835 quae¹
819 3776 937 3834 gemma
958 3756 1092 3828 dicitur,

518 3925 552 3937 -
572 3898 622 3948 173
642 3926 681 3936 -=
