2670 4252
532 197 730 236 msrnucrmu.
753 211 792 221 —
812 180 972 236 ioucnriou

254 305 434 364 cenantibus
458 304 588 386 obrepit,
624 308 804 388 sublataque
842 310 1006 369 severitate
1034 310 1246 390 philosophiae,

254 402 471 463 humanissime
494 404 652 463 nobiscum
672 405 804 484 jocatur.
823 407 898 465 Nam
918 407 991 486 quid
1005 428 1061 484 ego
1077 407 1114 466 de
1127 407 1248 465 Bruttio

253 498 376 558 dicam?
390 499 487 566 Quem
502 499 586 558 nullo
606 508 744 580 tempore
762 524 778 561 a
793 523 841 560 me
856 503 958 582 patior
973 503 1146 573 discedere,
1161 503 1248 579 cujus

253 615 322 653 cum
349 595 429 673 frugi
453 617 618 676 severaque
652 606 698 656 est
716 599 791 671 vita,
815 607 881 657 tum
909 601 1001 658 etiam
1023 599 1248 680 jucundissima

253 693 418 752 convictio.
446 693 516 752 Non
545 701 592 752 est
619 694 699 752 enim
721 694 879 774 sejunctus
891 691 980 776 jocus
999 717 1015 754 a
1033 695 1201 775 philologia
1219 702 1250 752 et

252 788 432 871 quotidiana
447 791 600 868 συζητήσει.
612 791 693 849 Huic
706 812 762 870 ego
775 792 876 850 locum
889 792 921 850 in
936 793 1077 872 proximo
1092 791 1227 850 conduxi
1239 809 1246 863 ;

252 894 292 954 et,
317 894 351 944 ut
371 906 508 964 possum,
535 908 571 945 ex
591 889 666 946 meis
685 889 835 966 angustiis
856 889 937 947 illius
955 898 1094 948 sustento
1115 888 1247 946 tenuita-

187 1059 190 1069 .
253 991 323 1042 tem.
341 977 473 1041 Multum
501 984 593 1042 etiam
608 1001 727 1043 mecum
741 993 788 1043 est
810 987 976 1064 Epicrates
995 985 1137 1064 princeps
1153 984 1247 1042 Athe-

184 1711 221 1773 3⁰

252 1079 415 1152 niensium,
437 1088 467 1138 et
493 1080 643 1139 Leonides
667 1088 698 1140 et
723 1081 834 1140 horum
857 1083 950 1141 ceteri
974 1082 1099 1140 similes.
1127 1079 1169 1139 Τὰ
1197 1083 1246 1158 μὲν

250 1173 296 1235 οὖν
310 1178 369 1236 καθ’
385 1182 458 1255 ἡμᾶς
472 1178 547 1236 τάδε.

250 1420 307 1480 67.
329 1422 569 1480 ordonnanee
585 1424 744 1481 relative
763 1438 837 1482 aux
853 1423 1042 1483 etudiants
1062 1427 1106 1481 de
1123 1426 1246 1480 Rome.

430 1543 591 1625 (Edictum
612 1544 650 1606 de
671 1547 863 1606 scholasticis
885 1545 1057 1628 Romanis.)

288 1703 480 1784 Quicumque
518 1704 557 1762 ad
589 1705 703 1764 Urbem
734 1705 872 1764 discendi
907 1706 1077 1785 cupiditate
1103 1704 1245 1772 veniunt,

248 1801 390 1880 primitus
401 1801 442 1862 ad
461 1802 641 1879 magistrum
660 1802 778 1862 Census
801 1803 1037 1882 provincialium
1060 1801 1213 1882 judicum,
1230 1821 1246 1858 a

248 1898 360 1977 quibus
373 1898 460 1977 copia
474 1906 520 1956 est
537 1897 637 1958 danda
655 1899 813 1968 veniundi,
833 1899 984 1979 ejusmodi
1006 1900 1124 1957 litteras
1144 1898 1248 1977 prose-

248 2002 327 2067 rant,
354 2002 388 2052 ut
407 1995 520 2074 oppida
545 1994 703 2053 hominum
722 2003 752 2054 et
776 1997 892 2054 natales
921 2004 951 2054 et
972 1998 1080 2054 merita
1101 2015 1247 2073 expressa
1320 1977 1321 1990 i

247 2096 419 2148 teneantur.
462 2088 591 2158 Deinde,
624 2095 658 2146 ut
685 2088 716 2145 in
761 2089 860 2167 primo
894 2089 997 2147 statim
1042 2088 1249 2168 profiteantur

247 2183 386 2253 introitu,
402 2184 513 2262 quibus
529 2185 720 2263 potissimum
734 2185 845 2243 studiis
860 2206 983 2264 operam
1000 2205 1111 2244 navare
1130 2204 1247 2263 propo-

249 2288 332 2340 nant.
351 2279 466 2352 Terti0,
486 2287 521 2338 ut
536 2280 668 2359 hospitia
684 2302 788 2339 eorum
803 2281 933 2340 sollicite
948 2280 1145 2340 Consualium
1161 2280 1246 2338 norit
1319 2281 1320 2332 i

248 2376 402 2450 Officium,
422 2397 484 2455 quo
504 2377 531 2434 ei
550 2377 594 2435 rei
618 2378 797 2457 impertiant
820 2399 924 2436 curam
946 2400 1037 2458 quam
1057 2399 1087 2436 se
1107 2397 1246 2435 asserue-

246 2474 479 2552 rintexpetisse.
494 2474 570 2532 ltem
582 2474 763 2532 immineant
778 2475 954 2547 Censuales,
967 2483 1000 2533 ut
1010 2474 1122 2552 singuli
1135 2494 1245 2532 eorum

246 2570 322 2629 tales
347 2591 379 2628 se
401 2571 432 2628 in
453 2570 657 2629 conventibus
679 2571 836 2650 praebeant
856 2572 960 2650 quales
979 2593 1043 2630 esse
1061 2571 1174 2629 debent
1189 2571 1244 2649 qui
1318 2581 1319 2644 g

246 2677 366 2746 turpem
399 2667 654 2748 inhonestamque
679 2668 791 2726 samam
822 2676 851 2726 ei
882 2668 1135 2739 consociationeS,
1166 2688 1245 2746 quas
1318 2659 1319 2662 ¹

245 2765 399 2843 proximas
427 2772 570 2843 putamus
594 2785 659 2823 esse
674 2764 865 2836 criminibus,
880 2766 1032 2824 aestiment
1053 2763 1241 2842 fugiendas:

245 2882 322 2920 neve
339 2861 723 2941 spectacula-frequentius
747 2861 869 2934 adeant,
897 2870 951 2920 aut
976 2869 1123 2941 appetant
1146 2859 1245 2936 vulgo
1317 2931 1318 2936 ἵ

245 2958 461 3037 intempestiva
483 2958 636 3017 convivia.
660 2957 741 3024 Quin
760 2959 851 3016 etiem
867 2958 1030 3017 tribuimus
1042 2965 1242 3036 potestatem,
1317 2965 1318 3004 t

245 3064 278 3116 ut
302 3057 325 3114 si
352 3056 421 3134 quis
449 3055 487 3113 de
513 3054 559 3114 his
586 3076 647 3113 non
670 3055 712 3113 ita
734 3054 766 3113 in
787 3056 868 3115 Urbe
892 3076 923 3114 se
937 3055 1075 3132 gesserit,
1092 3054 1244 3133 quemad-

243 3154 369 3212 modum
386 3152 555 3210 liberalium
580 3172 682 3210 rerum
704 3151 836 3230 dignitas
852 3161 968 3231 poseat,
988 3151 1110 3230 publice
1129 3151 1244 3208 verbe·

243 3251 326 3310 ribus
353 3251 479 3308 affectus
504 3249 668 3328 statimque
697 3249 821 3327 navigio
840 3249 1051 3328 superpositus
1076 3247 1243 3326 abjiciatur
1316 3293 1317 3320 ,

244 3347 337 3418 Urbe,
365 3346 552 3425 domumque
578 3345 693 3404 redeat.
723 3346 779 3404 His
806 3367 877 3404 sane
896 3345 948 3425 qui
977 3344 1084 3403 sedulo
1113 3364 1242 3422 operam
1316 3335 1317 3338 ¹

241 3442 482 3523 professionibus
520 3450 635 3500 navant
664 3462 759 3522 usque
786 3443 824 3501 ad
848 3441 1026 3500 vicesimum
1048 3441 1147 3500 eetatis
1176 3462 1242 3500 suen

240 3561 354 3600 annum
379 3539 486 3598 Romae
509 3539 600 3598 liceat
622 3539 829 3600 commorari:
851 3547 921 3619 post
941 3539 972 3596 id
1005 3559 1079 3597 vero
1103 3545 1239 3616 tempuS,

241 3658 293 3717 qui
314 3635 482 3714 neglexerit
504 3643 613 3715 sponte
634 3636 774 3708 remeari,
800 3635 1006 3694 sollicitudine
1031 3635 1239 3714 praefecturae,

161 3730 163 3734 ’
240 3735 330 3791 etiam
346 3733 519 3811 imperitus,
538 3732 576 3790 ad
586 3732 716 3812 patriam
734 3739 916 3793 revertatur.

14 3869 21 3884 i,

14 3891 20 3904 p

14 3951 23 3996 {t

14 4005 24 4030 v*

667 3917 803 3967 -lib-
