2656 4258
398 193 532 234 volabas
551 196 586 234 ET
600 177 778 235 cualoslrriS.
794 207 834 218 -
847 195 883 232 LA
897 194 1052 233 cattaneus

601 623 684 682 212.
704 626 753 681 Le
772 623 842 681 Nu.

632 815 688 897 (ne
709 780 810 897 Νῑιό.)

152 1123 208 1184 llll.
261 1113 348 1184 Nilus
367 1121 492 1184 incertis
510 1132 595 1184 ortus
613 1124 761 1198 lontibus,
778 1124 803 1184 it
822 1145 877 1204 per
891 1121 1010 1184 deserta
1026 1130 1058 1182 et
1071 1121 1221 1191 ardentia,

220 1226 251 1278 et
274 1220 424 1280 immenso
446 1221 649 1298 longitudinis
671 1221 771 1300 spatio
792 1220 963 1292 ambulans,
994 1220 1137 1300 famaque
1157 1226 1224 1278 tan-

219 1324 285 1375 tum
314 1317 423 1376 inermi
447 1317 576 1398 quaesitu
605 1318 759 1394 cognitus,
789 1317 854 1376 sine
881 1316 978 1390 bellis,
1011 1337 1080 1396 quae
1107 1322 1224 1374 ceteras

219 1433 325 1472 omnes
341 1411 437 1473 terras
452 1413 608 1474 invenere.
626 1413 783 1492 Originem
798 1414 829 1472 in
844 1421 950 1472 monte
965 1412 1118 1471 inferioris
1136 1407 1224 1470 Mau·

219 1509 349 1583 ritaniae,
364 1531 426 1568 non
437 1509 545 1590 procul
558 1511 681 1569 Oceano
694 1510 795 1578 habet,
813 1510 881 1569 lacu
894 1509 1035 1590 protinus
1048 1515 1221 1586 stagnante,

145 1620 148 1625 '
219 1625 310 1685 quem
329 1613 442 1665 vocant
461 1595 605 1666 Nilidem.
629 1607 674 1665 Ex
695 1608 754 1666 boe
775 1606 843 1666 lacu
865 1605 1021 1687 prolusuS,
1045 1605 1225 1682 indignatur

219 1703 313 1761 lluere
328 1724 382 1783 per
402 1723 530 1762 arenosa
549 1711 580 1762 et
599 1703 781 1782 squalentia,
796 1703 964 1784 conditque
977 1723 1009 1761 se
1023 1701 1141 1782 aliquot
1157 1701 1221 1760 die-

219 1819 286 1857 rum
306 1793 424 1860 itinere.
441 1800 515 1858 Mox
534 1799 594 1858 alio
611 1799 679 1858 lacu
699 1800 815 1880 majore
835 1800 867 1858 in
886 1799 1083 1858 Caesariensis
1106 1794 1223 1857 Mauri-

217 1895 310 1954 taniae
324 1903 415 1974 gente
433 1895 645 1976 Massaesylum
661 1895 804 1978 erumpit,
820 1895 993 1977 iterumque
1004 1887 1104 1954 arenis
1120 1915 1226 1974 recep·

218 1999 268 2051 tus
287 1987 431 2052 conditur
453 2014 558 2052 rursus
581 1993 690 2071 viginti
715 1993 834 2052 dierum
856 1992 985 2052 desertis
1006 1992 1045 2050 ad
1065 1990 1225 2072 proximos

218 2089 391 2170 AEthiopas.
417 2089 491 2148 lnde
510 2086 644 2149 Africam
665 2089 702 2148 ab
723 2089 880 2168 AEthiopia
898 2089 1085 2169 dispescenS,
1101 2087 1224 2146 etiamsi

219 2206 280 2245 non
302 2186 443 2266 protinus
461 2185 594 2266 populis,
612 2185 684 2245 seris
703 2193 806 2245 tamen
828 2194 859 2244 et
883 2185 981 2245 beluis
999 2186 1155 2266 irequenS,
1172 2185 1227 2244 sil-

218 2286 387 2362 varumque
407 2283 520 2362 opifex,
541 2283 658 2342 medios
681 2283 846 2363 AEthiopas
870 2290 964 2356 secat,
988 2282 1228 2360 cognominatus

218 2382 366 2458 Astapus.
390 2375 508 2438 Insulas
529 2380 571 2438 ita
590 2379 766 2438 innumeras
788 2380 905 2460 spargit
926 2379 1135 2459 quasdamque
1161 2386 1226 2448 tam

217 2483 314 2534 vastae
348 2476 567 2554 magnitudinis
603 2484 647 2548 ut,
682 2497 868 2557 quamquam
903 2475 1009 2556 rapida
1048 2474 1220 2548 celeritate,

217 2579 321 2632 tamen
351 2573 470 2631 dierum
496 2573 631 2654 quinque
658 2593 749 2631 cursu
774 2593 836 2631 non
861 2572 1000 2631 breviore
1025 2572 1224 2632 transvolet:

218 2670 298 2730 cirea
322 2668 521 2728 clarissimam
543 2690 648 2729 earum
672 2669 809 2741 Meroen,
838 2669 1004 2728 Astabores
1030 2669 1109 2728 laevo
1136 2667 1230 2728 alveo

218 2767 330 2840 dictus,
353 2766 412 2826 hoc
434 2774 480 2825 est
501 2788 603 2825 ramus
625 2787 712 2847 aquae
738 2766 889 2824 venientis
910 2765 1086 2838 etenebris,
1115 2765 1231 2824 dextro
1320 2765 1321 2804 i

218 2885 292 2923 vero
306 2867 484 2943 Astusapes,
500 2863 581 2944 quod
603 2863 726 2922 latentis
746 2861 1001 2940 significationem
1022 2861 1146 2943 adjicit;
1166 2881 1230 2920 nec

218 2969 289 3021 ante
303 2959 390 3019 Nilus
403 2982 495 3041 quam
508 2982 539 3020 se
552 2967 650 3019 totum
667 2959 753 3039 aquis
768 2959 973 3018 concordibus
988 2980 1094 3018 rursus
1104 2958 1230 3040 junxit.

219 3057 355 3118 Subinde
379 3057 486 3115 insulis
507 3058 666 3130 infractus
690 3056 818 3115 totidem
834 3055 979 3115 incitatus
1005 3055 1227 3132 irritamentis,

218 3164 374 3235 postremo
393 3153 528 3213 inclusus
545 3153 713 3225 montibus,
731 3174 787 3212 nec
806 3152 929 3212 aliunde
949 3152 1126 3224 torrentior,
1151 3173 1233 3212 vec·
1319 3151 1320 3182 l

218 3259 269 3310 tus
284 3253 370 3331 aquis
382 3250 618 3330 properantibus
628 3249 667 3307 ad
678 3249 779 3308 locum
794 3249 989 3328 AEtbiopum,
1002 3249 1054 3330 qui
1069 3247 1235 3330 Catadupi

218 3356 379 3421 vocantur,
399 3347 564 3405 novissime
580 3347 761 3420 Cataractae,
779 3345 858 3404 inter
870 3354 1066 3405 occursantes
1080 3347 1239 3426 scopulos

219 3465 281 3502 non
307 3445 400 3503 lluere
421 3445 570 3502 immenso
595 3443 716 3520 fragore
740 3442 886 3515 creditur,
913 3441 965 3501 sed
989 3462 1088 3502 ruere.
1114 3442 1239 3503 Postea
1318 3509 1319 3514 ἵ

218 3541 296 3600 lenis
318 3548 349 3599 et
368 3541 532 3600 confractis
553 3541 650 3621 aquiS,
673 3539 851 3619 domitaque
872 3539 1029 3610 violentia,
1051 3537 1176 3618 aliquid
1203 3546 1242 3598 et

219 3637 320 3716 spatio
338 3637 445 3710 sessus
462 3637 566 3696 multis
586 3637 726 3718 quamvis
744 3635 882 3694 saucibus
897 3635 929 3693 in
943 3634 1125 3715 AEgyptium
1141 3656 1242 3695 mare

219 3754 252 3794 se
265 3733 391 3792 evomit.

641 3917 797 3968 -148-
