2682 4258
496 189 531 228 ta
552 191 598 228 vis
619 173 720 230 amvdr
741 192 793 230 nus
815 192 942 231 norimus

439 621 523 678 405.
544 620 677 678 contre
696 619 730 677 le
749 619 837 679 volu
857 621 994 679 savolr.

357 793 407 876 (In
429 794 521 865 inane
535 794 675 855 studium
699 816 891 877 supervacua
911 794 1075 878 discendi.)

147 1142 187 1209 2⁶
253 1148 301 1209 De
319 1148 380 1208 illis
405 1170 495 1209 nemo
518 1149 683 1224 dubitabit,
704 1151 778 1230 quin
797 1170 927 1230 operose
943 1149 1020 1208 nihil
1038 1159 1143 1229 agant,
1161 1172 1218 1232 qur

213 1245 386 1304 litterarum
403 1246 557 1305 inutilium
580 1247 690 1305 studiis
712 1231 892 1306 detinentur
914 1265 921 1306 :
944 1268 1013 1327 quae
1038 1247 1103 1326 jam
1132 1249 1217 1329 apud

213 1343 370 1404 Romanos
388 1363 511 1423 quoque
527 1363 636 1421 magna
656 1363 765 1403 manus
783 1351 840 1403 est.
869 1343 1048 1404 Graecorum
1061 1344 1118 1402 iste
1134 1364 1218 1403 mor-

212 1439 270 1498 bus
308 1439 378 1512 suit,
408 1460 545 1520 quaerere
574 1460 665 1520 quem
701 1461 862 1500 numerum
895 1441 1046 1518 remigum
1088 1439 1217 1520 Ulysses

212 1535 387 1606 habuisset;
404 1537 489 1616 prior
507 1537 620 1616 scripta
640 1545 720 1596 esset
738 1537 809 1596 Ilias
826 1558 864 1596 an
887 1530 1037 1617 Odyssea;
1051 1545 1215 1617 praeterea,

120 1629 121 1632 '
211 1653 250 1692 an
269 1632 405 1712 ejusdem
426 1640 506 1692 esset
538 1634 684 1693 auctoris.
718 1634 787 1692 Alia
814 1633 958 1714 deinceps
984 1634 1077 1713 hujus
1104 1640 1215 1694 notae:

210 1749 290 1808 quae,
305 1729 368 1788 sive
394 1731 565 1802 contineas,
589 1730 665 1788 nihil
682 1715 807 1789 tacitam
839 1731 1059 1790 conscientiam
1082 1730 1212 1809 juvaut3

211 1826 275 1884 sive
304 1826 452 1906 proferas,
474 1847 535 1885 non
568 1827 688 1886 doctior
706 1827 848 1899 videaris,
877 1827 930 1886 sed
946 1827 1114 1886 molestior.
1133 1826 1216 1884 Ecce

210 1923 367 1981 Romanos
390 1944 514 2003 quoque
532 1924 646 1982 invasit
664 1924 755 1982 inane
778 1922 913 1983 studium
943 1943 1134 2002 supervacua
1148 1921 1217 1980 dis-

209 2019 318 2078 cendi!
337 2019 392 2102 His
405 2020 514 2078 diebus
529 2021 634 2080 audivi
655 2020 818 2100 quemdam
835 2020 1029 2091 referentem,
1056 2040 1125 2099 quae
1146 2020 1214 2099 pri·

208 2136 277 2175 mus
293 2117 422 2196 quisque
439 2137 475 2175 ex
491 2116 640 2176 Romanis
662 2117 793 2175 ducibus
812 2116 936 2200 fecisset
952 2136 959 2178 ε
973 2117 1091 2196 primus
1108 2116 1213 2175 navali

209 2213 319 2293 proelio
330 2214 464 2272 Duillius
478 2214 564 2285 vicit,
583 2213 701 2294 primus
717 2213 829 2272 Curius
845 2214 997 2272 Dentatus
1008 2215 1038 2272 in
1052 2213 1214 2292 triumpho

208 2309 297 2368 duxit
312 2309 501 2388 elephantos.
525 2311 712 2370 Etiamnunc
732 2311 801 2382 ista,
822 2311 880 2368 etsi
899 2310 938 2369 ad
961 2331 1064 2369 veram
1080 2310 1211 2387 gloriam

208 2427 270 2466 non
298 2406 441 2479 tendunt,
476 2407 557 2466 circa
591 2406 728 2468 civilium
764 2414 867 2466 tamen
904 2427 1031 2487 operum
1069 2406 1213 2484 exempla

206 2510 379 2562 versantur.
410 2504 479 2562 Non
501 2511 549 2562 est
574 2505 735 2584 profutura
758 2503 829 2563 talis
851 2503 1002 2565 scientia:
1033 2510 1078 2562 est
1105 2510 1212 2562 tamen

207 2620 276 2679 quae
299 2620 354 2658 nos
377 2601 627 2678 speciosarerum
653 2601 789 2660 vanitate
815 2600 963 2660 detineat.
992 2600 1059 2659 Hoc
1085 2619 1214 2678 quoque

206 2697 416 2778 quaerentibus
440 2697 644 2770 remittamuS,
674 2698 742 2777 quis
770 2697 919 2756 Romanis
937 2697 1056 2776 primus
1084 2716 1212 2775 persua-

207 2795 280 2854 serit
307 2815 416 2853 navem
445 2795 673 2854 conscendere?
694 2794 842 2853 Claudius
870 2794 895 2852 is
925 2794 996 2865 luit,
1017 2792 1143 2852 Caudex
1166 2793 1213 2850 ob

206 2893 265 2951 hoc
292 2893 393 2972 ipsum
418 2891 600 2972 appellatus,
626 2891 698 2971 quia
721 2891 856 2971 plurium
885 2889 1059 2951 tabularum
1080 2897 1213 2948 contex-

205 2996 256 3048 tus
278 2989 395 3048 caudex
409 2989 492 3068 apud
508 2989 650 3066 antiquos
664 2987 833 3048 vocabatur
849 3005 854 3047 :
873 2988 954 3046 unde
973 2986 1105 3068 publicae
1117 2985 1212 3044 tabu-

205 3085 242 3144 lae
255 3085 376 3144 codices
391 3085 545 3156 dicuntur,
565 3091 597 3142 et
611 3105 705 3150 naves
725 3101 806 3143 nunc
828 3104 961 3164 quoque,
983 3104 1053 3164 quae
1072 3104 1108 3141 ex
1127 3084 1213 3141 anti·

90 3182 113 3198 ”
205 3203 265 3262 qua
294 3182 520 3242 consuetudine
550 3202 605 3261 per
640 3181 773 3240 Tiberim
796 3190 985 3240 commeatus
1017 3179 1210 3254 subvehunt,

125 3344 127 3346 ,
205 3279 367 3338 codicariae
381 3287 543 3337 vocantur.
560 3278 638 3336 Sane
655 3285 685 3336 et
709 3278 767 3336 hoc
782 3277 820 3336 ad
846 3299 910 3336 rem
930 3277 1091 3358 pertineat,
1121 3277 1211 3356 quod

119 3404 122 3411 ·
204 3376 345 3434 Valerius
370 3374 524 3434 Corvinus
541 3374 657 3452 primus
679 3374 853 3433 Messanam
874 3375 959 3448 vicit,
983 3382 1015 3433 et
1032 3374 1148 3453 primus
1167 3393 1211 3433 ex

120 3533 124 3552 ἑ
204 3472 319 3531 familia
334 3472 538 3542 Valeriorum,
561 3471 644 3528 urbis
667 3478 765 3551 captae
791 3471 822 3529 in
846 3493 877 3531 se
897 3472 1045 3530 translato
1067 3469 1210 3543 nomine,

109 3564 122 3595 ³
205 3569 347 3628 Messana
357 3568 528 3648 appellatus
540 3575 595 3640 est,
611 3567 821 3647 paulatimque
835 3569 929 3646 vulgo
944 3573 1139 3648 permutante
1156 3566 1211 3627 lit-

203 3675 295 3740 teras,
306 3665 448 3725 Messalla
464 3665 575 3723 dictus
