2656 4258
399 180 533 224 VOYAGES
552 186 587 224 ΕΤ
601 168 779 226 ῦυῆῙΟὲΙΤὲΒ.
794 199 834 210 -··
847 186 884 223 LA
898 186 1052 225 caurauni!

601 613 684 672 212.
704 616 753 672 Le
772 614 841 672 Nil.

632 805 688 887 (ne
709 771 810 888 niti.)

152 1111 208 1172 nh.
261 1103 348 1173 Nilus
366 1111 492 1173 incertis
510 1123 595 1174 ortus
613 1115 761 1189 fontibus,
778 1115 803 1182 it
822 1136 877 1195 per
891 1114 1010 1176 deserta
1026 1122 1057 1174 et
1071 1114 1218 1183 ardentia,

220 1215 251 1267 et
274 1210 424 1270 immenso
446 1211 649 1290 longitudinis
671 1213 771 1291 spatio
791 1211 962 1285 ambulans,
993 1212 1137 1292 famaque
1156 1218 1221 1269 tan-

219 1313 285 1364 tum
313 1307 423 1366 inermi
447 1307 575 1388 quaesitu
605 1309 758 1385 cognituS,
788 1309 853 1368 sine
879 1308 977 1381 belliS,
1010 1329 1079 1388 quae
1107 1314 1231 1366 ceteras

219 1422 325 1474 omnes
340 1410 436 1463 terras
451 1404 608 1465 invenere.
626 1405 782 1482 Originem
797 1403 828 1462 in
843 1412 948 1463 monte
964 1403 1117 1462 inferioris
1135 1399 1221 1462 Mau-

218 1499 348 1573 ritaniae,
364 1521 426 1558 non
437 1500 544 1580 procul
558 1501 681 1560 Oceano
694 1501 794 1570 hahet,
812 1501 880 1560 lacu
893 1501 1034 1581 protinus
1047 1497 1219 1578 stagnante,

144 1609 148 1615 ·
218 1616 309 1674 quem
328 1604 442 1664 vocant
461 1584 605 1657 Nilidem.
629 1597 673 1655 Ex
694 1598 754 1657 hoc
774 1598 842 1657 lacu
864 1597 1019 1677 profusuS,
1044 1597 1222 1674 indignatur

218 1693 312 1751 fluere
326 1713 381 1774 per
401 1714 529 1752 arenosa
549 1701 579 1752 et
598 1693 780 1773 squalentia,
796 1695 963 1775 conditque
976 1715 1007 1753 se
1022 1694 1140 1774 aliquot
1156 1693 1219 1752 die-

218 1809 286 1847 rum
305 1783 423 1850 itinere.
441 1789 515 1848 Mox
534 1789 593 1848 alio
611 1789 678 1848 lacu
698 1791 814 1871 majore
834 1791 866 1849 in
885 1790 1082 1850 Caesariensis
1104 1786 1222 1849 Mauri-

216 1885 309 1944 taniae
323 1893 414 1964 gente
432 1885 645 1966 Massaesylum
660 1887 804 1968 erumpit,
819 1887 992 1967 iterumque
1002 1879 1102 1946 arenis
1119 1907 1225 1966 recep-

217 1990 268 2041 tus
286 1977 430 2042 conditur
452 2004 557 2042 rursus
580 1983 689 2061 viginti
714 1981 833 2042 dierum
855 1983 984 2042 desertis
1005 1984 1044 2042 ad
1063 1983 1225 2064 proximos

217 2078 390 2160 AEthiopas.
416 2079 490 2138 lnde
509 2077 643 2138 Africam
664 2079 701 2138 ab
722 2079 879 2159 AEthiopia
897 2080 1084 2160 dispescens,
1100 2080 1224 2139 etiamsi

218 2197 280 2234 non
301 2176 442 2255 protinus
459 2176 593 2256 populis,
611 2177 682 2235 feris
702 2183 804 2235 tamen
827 2184 858 2236 et
873 2176 979 2247 ,beluis
997 2176 1153 2257 frequens,
1172 2176 1227 2235 sil-

216 2292 386 2352 varumque
406 2273 518 2352 opifex,
540 2273 657 2333 medios
680 2273 845 2353 AEthiopas
869 2281 962 2348 secat,
977 2274 1228 2351 ‘cognominatus

216 2372 365 2448 Astapus.
388 2365 570 2438 Insulasita
589 2371 765 2429 innumeras
787 2371 904 2450 spargit
925 2371 1134 2451 quasdamque
1160 2378 1226 2440 tam

216 2473 313 2524 vastae
347 2467 566 2545 magnitudinis
601 2473 645 2537 ut,
681 2487 866 2548 quamquam
902 2467 1007 2546 rapida
1046 2466 1221 2539 celeritate,

215 2569 320 2622 tamen
350 2563 468 2622 dierum
494 2564 630 2644 quinque
656 2584 748 2622 cursu
773 2584 834 2622 non
859 2564 999 2623 breviore
1022 2563 1224 2624 transvolet:

216 2659 297 2720 circa
321 2658 519 2720 clarissimam
541 2681 645 2719 earum
670 2659 808 2732 Meroen,
836 2660 1002 2720 Astabores
1029 2660 1107 2732 laevo
1134 2659 1231 2720 alveo

216 2757 328 2829 dictus,
351 2756 411 2815 hoc
432 2764 479 2816 est
499 2777 601 2816 ramus
623 2777 711 2837 aquae
736 2757 888 2816 venientis
908 2756 1083 2830 etenebris,
1113 2757 1232 2816 dextro

216 2875 290 2913 vero
305 2855 482 2933 AstusapeS,
498 2853 580 2934 quod
601 2853 725 2912 latentis
744 2853 999 2930 significationem
1020 2852 1144 2933 adjicit;
1166 2873 1231 2914 nec

216 2958 287 3010 ante
301 2949 389 3008 Nilus
402 2971 493 3030 quam
506 2972 537 3009 se
550 2957 650 3009 totum
665 2950 751 3031 aquis
766 2950 970 3009 concordibus
986 2971 1091 3009 rursus
1102 2950 1231 3031 junxit.

217 3047 353 3107 Subinde
377 3047 484 3105 insulis
505 3048 664 3120 infractae,
688 3046 817 3106 totidem
831 3047 977 3107 incitatus
1003 3047 1229 3123 irritamentis,

216 3151 372 3225 postremo
391 3144 526 3203 inclusus
544 3145 711 3218 montibus,
729 3165 785 3202 neo
804 3143 927 3202 aliunde
946 3144 1123 3216 torrentior,
1150 3165 1234 3203 veo-

216 3248 267 3300 tus
282 3243 368 3322 aquis
380 3242 616 3322 properantibus
626 3241 664 3299 ad
675 3241 777 3300 locum
792 3239 986 3319 AEthiopum,
1000 3241 1052 3321 qui
1066 3239 1236 3321 Catadupi

216 3347 377 3412 vocantur,
397 3339 562 3398 novissime
578 3339 759 3410 Cataractae,
776 3336 856 3395 inter
868 3344 1063 3396 occursantes
1077 3338 1240 3418 scopulos

217 3455 280 3493 non
304 3435 398 3494 fluere
420 3437 568 3494 immenso
593 3434 713 3512 fragore
737 3433 883 3507 creditur,
910 3432 963 3492 sed
986 3453 1085 3493 ruere.
1111 3434 1239 3495 Postea

217 3531 294 3590 lenis
316 3539 347 3590 et
367 3531 530 3590 confractis
551 3531 647 3611 aquiS,
671 3530 847 3610 domitaque
869 3529 1025 3602 violentia,
1049 3529 1175 3610 aliquid
1203 3538 1242 3590 et

217 3627 318 3706 spatio
336 3627 443 3700 fessus,
459 3626 563 3685 multis
583 3627 723 3707 quamvis
741 3627 879 3686 faucibus
894 3627 925 3686 in
940 3625 1123 3707 AEgyptium
1139 3648 1243 3687 mare

217 3743 249 3782 se
263 3722 389 3782 evomit.

638 3907 794 3958 —l48-
