2656 4258
280 285 283 292 Ι
341 209 424 266 202.
461 209 636 276 voyages
664 207 850 262 fastueux.

353 311 409 392 (De
434 309 623 392 sumptuosis
650 308 841 390 itineribus.)

133 473 249 532 Omnes
268 471 331 552 jam
353 471 396 530 sic
415 469 652 549 peregrinantur
671 475 705 528 ut
724 468 793 538 illos
806 467 1009 526 Numidarum
1023 486 1100 546 prae-
1130 457 1170 522 3⁰

1 628 2 650 q
89 576 200 628 currat
211 568 378 647 equitatus,
392 574 426 625 ut
444 586 551 643 agmen
570 585 731 626 cursorum
749 563 932 622 antecedat:
948 571 1038 641 turpe
1054 568 1101 621 est

1 667 2 730 ᾗ
89 664 197 724 nullos
212 685 278 723 esse
297 665 349 745 qui
371 670 569 722 occurrentes
592 663 641 721 via
662 661 820 740 dejiciant,
839 667 893 718 aut
913 660 965 740 qui
989 659 1100 716 hones-

1 756 2 812 ἷ
88 772 162 822 tum
182 761 338 820 hominem
363 760 469 818 venire
491 779 603 836 magno
631 758 759 837 pulvere
787 757 963 816 ostendant.
987 755 1101 814 Omnes

83 859 157 940 jam
178 857 419 928 muloshabent‚
444 856 497 935 qui
516 855 694 936 crystallina
714 861 745 914 et
777 854 915 913 murrina
945 859 976 912 et
994 850 1101 910 caelata

87 973 279 1032 magnorum
299 954 451 1013 artificum
472 973 563 1010 mann
587 957 732 1031 portent:
756 959 847 1030 turpe
874 956 921 1009 est
938 947 1035 1007 videri
1050 967 1102 1030 eas

87 1051 253 1113 tehabere
272 1051 405 1108 sarcinas
429 1056 521 1118 totas
543 1069 611 1129 quae
633 1054 702 1106 tuto
726 1047 851 1106 concuti
874 1047 1004 1126 possint.
1030 1044 1102 1102 Om-

87 1149 185 1208 nium
198 1147 377 1226 pecdagogia
392 1146 489 1205 oblita
504 1145 581 1204 lacie
597 1144 764 1210 vehuntur.
788 1165 826 1202 ne
841 1142 897 1216 sol,
912 1163 989 1202 neve
1004 1141 1103 1218 frigus

87 1255 234 1304 teneram
248 1251 348 1301 cutem
363 1243 473 1302 laedat:
489 1250 579 1322 turpe
592 1249 639 1300 est
654 1241 807 1299 neminem
825 1261 891 1300 esse
906 1239 936 1297 in
952 1237 1101 1298 comitatu

85 1360 275 1423 puerorum,
302 1339 391 1419 cujus
407 1360 479 1398 sana
497 1338 591 1397 facies
609 1337 867 1396 medicamentum
881 1335 1046 1394 desideret.
1061 1337 1102 1392 At

86 1436 223 1498 hercule
239 1435 282 1496 M.
300 1436 378 1495 Cato
400 1435 566 1498 Censorius
581 1434 716 1493 canterio
737 1433 918 1505 vehebatur,
942 1440 973 1490 et
993 1431 1103 1510 hippo-

83 1534 180 1614 peris
195 1531 319 1612 quidem
339 1531 503 1611 impositis
521 1537 556 1590 ut
570 1550 673 1588 secum
692 1529 778 1588 utilia
800 1535 950 1609 portaret,
969 1529 994 1588 O
1010 1546 1102 1608 quam

82 1650 244 1712 cuperem
269 1630 311 1688 illi
335 1649 416 1686 nunc
440 1647 602 1686 occurrere
625 1627 757 1706 aliquem
784 1648 820 1685 ex
843 1627 890 1684 his
910 1626 1049 1685 trossulis
1073 1627 1103 1684 in

81 1730 139 1788 via
168 1746 312 1785 cursores
344 1733 375 1784 et
404 1723 554 1782 Numidas
585 1730 615 1782 et
648 1725 779 1782 multum
810 1731 882 1781 ante
908 1743 940 1781 se
968 1722 1105 1802 pulveris

80 1813 301 1894 agentemlO
334 1821 484 1894 quantum
521 1821 586 1872 erat
614 1813 718 1871 saeculi
745 1813 849 1882 decus,
882 1813 1101 1892 imperatorem

79 1907 325 1988 triumphalem,
351 1910 536 1984 censorium,
562 1915 603 1984 et,
626 1902 709 1989 quod
727 1929 819 1987 super
839 1909 942 1967 omnia
965 1910 1099 1981 heecest,

1 2037 2 2078 1
81 2009 258 2078 Catonem,
276 2027 337 2064 uno
355 2005 472 2065 caballo
487 2027 552 2065 esse
561 2013 753 2078 contentum,
770 2012 801 2064 ct
811 2026 848 2064 ne
864 2012 931 2064 toto
950 2006 1074 2086 quidem
1093 2007 1100 2064 l

1 2099 2 2157 l
78 2111 216 2186 partem
228 2102 309 2160 enim
324 2102 451 2161 sarcinae
467 2102 505 2160 ab
521 2111 652 2183 utroque
666 2102 761 2161 latere
784 2101 996 2180 dependentes
1012 2122 1103 2161 occu-

78 2201 222 2284 pabant.
247 2199 293 2258 lta
316 2219 379 2257 non
398 2199 541 2258 omnibus
567 2199 668 2258 obesis
694 2199 813 2257 mannis
831 2207 862 2258 et
884 2197 1102 2257 asturconibus

77 2307 115 2359 et
128 2295 293 2357 tolutariis
307 2295 467 2374 praelcrres
479 2296 603 2354 unicum
622 2296 708 2354 illum
726 2315 839 2375 equum
851 2295 889 2354 ab
902 2295 970 2375 ipso
985 2295 1102 2354 Catone

77 2391 285 2455 defrictum?
306 2433 308 2441 ι

257 2629 341 2688 203.
367 2632 418 2686 De
438 2630 477 2687 la
499 2629 696 2699 simplicite
723 2644 768 2687 en
785 2643 942 2702 voyage.

237 2733 292 2814 (De
315 2733 482 2795 itineribus
512 2733 578 2794 sine
608 2741 762 2816 apparatu
790 2734 963 2818 susceptis.)

125 2897 222 2958 Cum'
238 2893 432 2974 paucissimis
452 2894 560 2966 servis,
587 2913 664 2973 quos
682 2914 778 2952 unum
796 2914 906 2974 capere
925 2894 1102 2953 vehiculum
1129 2889 1172 2950 3⁹

74 2992 212 3077 potuit,
224 2989 295 3049 sine
308 2989 378 3048 ullis
393 2989 495 3063 rebus,
522 2991 579 3060 nisi
609 3011 677 3070 quae
696 3007 825 3070 corpore
842 2998 948 3050 nostro
965 2995 1104 3049 contine-

74 3095 221 3160 bantur,
250 3107 307 3165 ego
325 3095 356 3146 et
382 3087 536 3145 Maximus
559 3107 645 3145 meus
661 3086 790 3146 biduum
805 3089 870 3168 jam
893 3088 1102 3146 beatissimum

73 3188 227 3268 agimus.
248 3182 370 3242 Culcita
387 3184 513 3242 interra
537 3183 629 3262 jacet,
645 3205 702 3261 ego
725 3185 756 3243 in
776 3185 897 3245 culcita.
921 3185 964 3242 Ex
984 3184 1103 3242 duabus

72 3281 219 3368 penulis
241 3279 336 3338 altera
358 3281 538 3359 stragulum,
561 3281 655 3339 altera
675 3282 865 3361 opertorium
879 3282 960 3339 lacta
979 3288 1036 3340 est.
1060 3283 1103 3340 lle

71 3376 228 3465 prandio
257 3375 333 3434 nihil
356 3376 476 3435 detrahi
502 3378 628 3456 potuit:
660 3385 801 3457 paratum
831 3378 891 3436 luit
918 3399 980 3436 non
1007 3379 1104 3455 magis

70 3481 178 3547 hora,
212 3493 364 3552 nusquam
386 3474 450 3532 sine
470 3474 589 3546 caricis,
612 3495 764 3554 nusquam
791 3475 856 3532 sine
887 3474 1101 3553 pugillaribus.

71 3577 166 3646 illae,
187 3570 215 3629 si
231 3590 342 3648 panem
359 3570 467 3644 habac,
481 3592 536 3649 pro
548 3571 754 3650 pulmentario
768 3579 855 3645 sunt;
873 3571 898 3628 si
914 3593 975 3630 non
994 3572 1102 3644 habeo,

70 3691 143 3756 pro
157 3687 258 3750 pane.
276 3665 420 3736 Quotidie
431 3667 506 3725 mihi
524 3688 637 3726 annum
655 3688 769 3726 novum
788 3667 916 3740 faciunt,
934 3689 1024 3747 quem
1047 3689 1104 3744 ego

71 3774 234 3830 faustum
261 3769 292 3822 et
316 3762 434 3822 felicem
460 3764 556 3823 reddo
580 3765 668 3822 bonis
691 3764 933 3842 cogitationibus
958 3772 989 3823 et
1010 3765 1101 3822 animi

528 3943 684 3994 -141-
