2678 4250
20 213 21 224 ἶ
119 150 183 208 256
210 151 241 205 11
261 150 319 206 est
339 149 487 206 difficile
501 152 544 206 de
564 149 661 206 ,taire
677 153 743 206 des·
762 150 829 224 tots
849 147 1105 218 somptuaires.

211 252 321 333 (Quem
342 253 477 334 difficile
500 253 541 313 sit
559 253 770 334 rurrrpluarias
791 255 876 334 serre
902 249 1010 334 leges.)

126 397 129 404 ¹
155 435 167 466 a
189 411 269 479 Quid
295 411 427 491 primum
443 412 604 492 prohibero
620 423 651 471 et
675 412 809 492 priscum
831 411 869 469 ad
892 430 1009 469 morem
1034 407 1177 468 reci-bh

116 507 184 568 dere
212 509 392 587 aggrediar?
419 507 608 568 villarumne
631 508 750 566 infinita
775 506 896 588 spatia?
924 505 1109 566 familiarum

117 591 274 664 numerum
296 611 327 663 et
363 605 528 664 nationes?
566 605 683 684 argenti
715 611 746 665 et
779 603 845 663 auri
869 603 1011 684 pondus?
1042 603 1110 661 aeris

21 775 22 780 η
117 701 347 781 tabularumque
357 701 523 760 miracula?
536 701 726 781 promiscuae
737 699 811 759 viris
821 697 1112 760 etleminisvestes?

20 787 22 814 l
117 797 177 858 Nec
187 798 296 876 ignoro
313 799 344 856 in
359 798 512 857 conviviis
529 805 561 856 et
575 799 697 857 circulis
712 797 845 882 incusari
864 798 921 856 ista
936 804 967 856 et
985 795 1111 856 modum

20 903 21 908 ’
117 895 218 975 posci;
234 895 286 954 sed
302 894 326 954 si
342 895 412 974 quis
425 895 522 972 legem
538 895 668 966 sanciat,
686 915 792 974 poenas
815 894 943 966 indicat,
958 892 1052 952 iidem
1067 891 1111 951 illi

20 991 21 996 ’
115 992 274 1052 civitatem
301 992 390 1063 verti,
425 991 675 1072 splendidissimo
698 992 809 1072 cuique
839 991 966 1050 exitium
998 989 1110 1070 parari,

115 1089 268 1148 neminem
283 1088 419 1147 criminis
432 1096 588 1169 expertem
610 1089 821 1148 clamitabunt.
836 1085 931 1168 Atqui
952 1107 990 1146 ne
1004 1105 1113 1165 corpo-

20 1225 21 1230 κ
117 1185 160 1244 ris
182 1184 304 1265 quidem
326 1185 451 1244 morbos
470 1191 590 1244 veteres
612 1191 642 1244 et
661 1184 714 1244 diu
736 1191 855 1258 auctos,
880 1183 939 1243 nisi
961 1177 1111 1264 perdura

114 1290 146 1342 et
157 1302 273 1361 aspera,
287 1303 428 1342 coerceas
451 1298 459 1343 :
474 1267 637 1361 corruptus
652 1281 785 1340 simulet
801 1287 974 1361 corruptor,
989 1300 1070 1357 aeger
1082 1277 1113 1338 el

20 1389 21 1392 ’
115 1381 247 1458 llagrans
270 1379 390 1437 animus
416 1378 499 1439 haud
519 1378 688 1438 levioribus
708 1378 851 1438 remediis
877 1375 1113 1456 restinguendus

114 1481 173 1542 est.
187 1494 280 1555 quam
304 1474 484 1534 libidinibus
509 1474 651 1535 ardescit.
672 1475 731 1534 Tot
754 1496 770 1534 a
793 1474 961 1554 majoribus
984 1480 1113 1553 repertae

117 1573 209 1649 leges
240 1578 287 1630 tot
306 1591 382 1652 quas
401 1569 491 1630 divus
510 1575 669 1649 Augustus
694 1571 774 1642 tulit,
801 1571 860 1630 illae
882 1570 1049 1642 oblivione,
1065 1568 1113 1628 hae

112 1675 296 1748 contemptu
311 1667 444 1740 abolitae,
460 1667 644 1727 securiorem
661 1668 767 1727 luxum
782 1669 892 1727 fecere.
909 1668 988 1725 Nam
1000 1663 1026 1725 si
1038 1665 1114 1747 velis

20 1769 22 1812 l
113 1764 200 1844 'quod
216 1763 354 1823 nondum
378 1756 509 1823 vetitum
528 1771 583 1836 est,
606 1766 713 1824 timeas
730 1785 768 1823 ne
790 1772 908 1836 vetere3
927 1769 959 1846 at
970 1761 995 1822 si
1010 1763 1114 1842 prohi-

114 1860 179 1924 bita
190 1860 315 1941 impune
329 1861 565 1933 transcenderis,
583 1860 681 1940 neque
691 1869 791 1920 metus
806 1861 885 1920 ultra
901 1880 1000 1940 neque
1014 1859 1116 1940 pudor

111 1964 173 2020 est.
190 1958 253 2016 Cur
276 1978 349 2035 ergo
364 1957 436 2016 olim
448 1957 634 2037 parsimonia
649 1957 783 2037 pollebat
795 1959 810 2016 ‘l
821 1957 898 2024 Quia
910 1956 968 2015 sibi
985 1957 1115 2039 quisque

82 2054 83 2060 '
116 2053 356 2126 moderabatur3
383 2054 455 2135 quia
477 2055 568 2113 unius
593 2055 677 2114 urbis
698 2054 779 2114 cives
801 2071 944 2114 eramus:
962 2050 1116 2112 neirrita-

110 2157 217 2210 menta
236 2151 361 2229 quidem
375 2150 481 2210 eadem
503 2151 582 2210 intra
602 2151 719 2211 ltaliam
741 2149 982 2210 dominantibus.
1010 2149 1117 2208 Exter-

113 2245 165 2306 nis
188 2246 327 2322 'victoriis
362 2246 473 2320 aliena,
507 2247 649 2307 civilibus
686 2247 777 2307 etiam
795 2253 907 2307 ¹nostra
936 2265 1116 2306 consumere

109 2340 294 2404 didicimus.
310 2367 325 2399 »

365 2504 449 2563 257.
469 2507 517 2561 Le
541 2505 728 2574 patanae
751 2504 870 2562 Picus.

401 2607 510 2691 (Regia
528 2605 600 2668 Pici
615 2607 827 2697 describitur.)

110 2767 248 2825 'lectum
271 2774 448 2846 augustum,
476 2765 594 2845 ingens,
618 2773 741 2827 centum
764 2767 893 2827 sublime
914 2765 1075 2842 columnis,
1144 2767 1186 2830 3⁹

114 2861 204 2920 Urbe
224 2862 285 2922 luit
306 2883 436 2933 summa,
460 2863 620 2922 Laurentis
641 2865 723 2941 regia
746 2862 821 2937 Pici,

109 2959 315 3018 Horrendnm
338 2960 422 3018 silvis
449 2966 479 3018 et
499 2959 646 3038 religione
667 2967 839 3040 parentum.

109 3054 177 3112 Hic
194 3061 321 3136 ‘sceptra
342 3056 480 3136 accipere
503 3063 533 3115 et
554 3057 668 3136 primos
690 3057 829 3117 attollere
851 3058 948 3118 fasces

109 3149 255 3229 Regibus
277 3173 367 3211 omen
390 3161 468 3223 erat;
493 3153 551 3212 boc
573 3153 632 3212 illis
653 3155 736 3213 curia
759 3155 918 3234 templum,

110 3247 197 3306 Haec
217 3248 310 3306 sacris
333 3249 419 3307 sedes
441 3250 554 3329 epulis;
578 3247 638 3324 hic,
662 3253 755 3310 ariete
776 3272 866 3325 caeSO,
969 3235 971 3244 .

108 3343 283 3423 Perpetuis
305 3343 387 3404 soliti
410 3353 510 3426 patres
532 3345 691 3406 considere
712 3348 836 3406 mensis.

105 3439 311 3506 Quinetiam
334 3449 472 3501 veterum
494 3443 608 3521 effigies
630 3465 666 3502 ex
688 3443 795 3502 ordine
817 3464 943 3504 avorum
1035 3469 1038 3476 ·

87 3535 255 3614 ¹Antiqua
277 3537 417 3613 cosdro,
442 3539 609 3619 Italusque.
633 3547 781 3619 paterque
803 3539 933 3600 Sabinus

107 3632 278 3708 Vitisator,
301 3655 426 3694 curvam
450 3658 573 3694 servans
595 3637 651 3696 sub
673 3635 804 3714 imagine
826 3636 946 3712 falcem,

103 3729 331 3810 Saturnusque
353 3753 454 3805 senex,
477 3733 608 3813 danique
630 3733 772 3792 bifrontis
795 3729 905 3812 imago,

537 3891 694 3942 -179-
