<?xml version="1.0" encoding="UTF-8"?>
<!DOCTYPE html PUBLIC "-//W3C//DTD XHTML 1.0 Transitional//EN"
    "http://www.w3.org/TR/xhtml1/DTD/xhtml1-transitional.dtd">
<html xmlns="http://www.w3.org/1999/xhtml" xml:lang="en" lang="en">
 <head>
  <title>
</title>
<meta http-equiv="Content-Type" content="text/html;charset=utf-8" />
  <meta name='ocr-system' content='tesseract 3.04.00' />
  <meta name='ocr-capabilities' content='ocr_page ocr_carea ocr_par ocr_line ocrx_word'/>
</head>
<body>
  <div class='ocr_page' id='page_1' title='image "./depublicaprivat00arnagoog_0352.png"; bbox 0 0 2682 4258; ppageno 0'>
   <div class='ocr_carea' id='block_1_1' title="bbox 198 169 1050 234">
    <p class='ocr_par' dir='ltr' id='par_1_1' title="bbox 198 169 1050 234">
     <span class='ocr_line' id='line_1_1' title="bbox 198 169 1050 234; baseline -0.004 -23"><span class='ocrx_word' id='word_1_1' title='bbox 198 172 329 212; x_wconf 83' lang='lat' dir='ltr'><strong>LETTRES.</strong></span> <span class='ocrx_word' id='word_1_2' title='bbox 351 184 394 206; x_wconf 81' lang='lat'>···.</span> <span class='ocrx_word' id='word_1_3' title='bbox 412 171 555 234; x_wconf 60' lang='lat' dir='ltr'>SCIENCES.</span> <span class='ocrx_word' id='word_1_4' title='bbox 577 184 617 196; x_wconf 91' lang='lat'>···</span> <span class='ocrx_word' id='word_1_5' title='bbox 634 170 776 212; x_wconf 76' lang='lat' dir='ltr'>SAVANTS.</span> <span class='ocrx_word' id='word_1_6' title='bbox 799 183 837 202; x_wconf 55' lang='lat' dir='ltr'><strong>w</strong></span> <span class='ocrx_word' id='word_1_7' title='bbox 858 169 1050 208; x_wconf 83' lang='lat' dir='ltr'>PHILOSOPHES</span> 
     </span>
    </p>
   </div>
   <div class='ocr_carea' id='block_1_2' title="bbox 197 571 1041 646">
    <p class='ocr_par' dir='ltr' id='par_1_2' title="bbox 197 571 1041 646">
     <span class='ocr_line' id='line_1_2' title="bbox 197 571 1041 646; baseline -0.005 -18"><span class='ocrx_word' id='word_1_8' title='bbox 197 573 281 630; x_wconf 84' lang='lat'>404.</span> <span class='ocrx_word' id='word_1_9' title='bbox 300 574 357 630; x_wconf 86' lang='lat' dir='ltr'>Un</span> <span class='ocrx_word' id='word_1_10' title='bbox 376 584 556 632; x_wconf 83' lang='lat' dir='ltr'>eoncours</span> <span class='ocrx_word' id='word_1_11' title='bbox 574 571 744 646; x_wconf 81' lang='lat' dir='ltr'>poetique</span> <span class='ocrx_word' id='word_1_12' title='bbox 764 572 789 630; x_wconf 74' lang='lat' dir='ltr'>e</span> <span class='ocrx_word' id='word_1_13' title='bbox 806 571 1041 630; x_wconf 78' lang='lat' dir='ltr'>Alexandr-ie.</span> 
     </span>
    </p>
   </div>
   <div class='ocr_carea' id='block_1_3' title="bbox 124 734 1121 828">
    <p class='ocr_par' dir='ltr' id='par_1_3' title="bbox 124 734 1121 828">
     <span class='ocr_line' id='line_1_3' title="bbox 124 734 1121 828; baseline -0.004 -30"><span class='ocrx_word' id='word_1_14' title='bbox 124 737 298 822; x_wconf 73' lang='lat' dir='ltr'>(Poeticum</span> <span class='ocrx_word' id='word_1_15' title='bbox 317 744 484 828; x_wconf 77' lang='lat' dir='ltr'>certamen,</span> <span class='ocrx_word' id='word_1_16' title='bbox 506 737 721 803; x_wconf 80' lang='lat' dir='ltr'>Aleaandriae</span> <span class='ocrx_word' id='word_1_17' title='bbox 745 737 877 820; x_wconf 77' lang='lat' dir='ltr'>factum,</span> <span class='ocrx_word' id='word_1_18' title='bbox 894 734 1121 820; x_wconf 69' lang='lat' dir='ltr'><strong><em>describitur.)</em></strong></span> 
     </span>
    </p>
   </div>
   <div class='ocr_carea' id='block_1_4' title="bbox 14 1079 1212 3758">
    <p class='ocr_par' dir='ltr' id='par_1_4' title="bbox 117 1079 1212 3100">
     <span class='ocr_line' id='line_1_4' title="bbox 164 1079 1193 1163; baseline -0.002 -23"><span class='ocrx_word' id='word_1_19' title='bbox 164 1081 346 1142; x_wconf 76' lang='lat' dir='ltr'><strong>Ptolemaeus</strong></span> <span class='ocrx_word' id='word_1_20' title='bbox 361 1083 459 1144; x_wconf 88' lang='lat' dir='ltr'>Musis</span> <span class='ocrx_word' id='word_1_21' title='bbox 474 1090 504 1142; x_wconf 91' lang='lat' dir='ltr'>et</span> <span class='ocrx_word' id='word_1_22' title='bbox 518 1082 655 1163; x_wconf 81' lang='lat' dir='ltr'>Apollini</span> <span class='ocrx_word' id='word_1_23' title='bbox 669 1083 758 1142; x_wconf 90' lang='lat' dir='ltr'>ludos</span> <span class='ocrx_word' id='word_1_24' title='bbox 774 1081 938 1151; x_wconf 88' lang='lat' dir='ltr'>dedicavit,</span> <span class='ocrx_word' id='word_1_25' title='bbox 964 1087 995 1140; x_wconf 90' lang='lat' dir='ltr'>et</span> <span class='ocrx_word' id='word_1_26' title='bbox 1010 1100 1123 1160; x_wconf 83' lang='lat' dir='ltr'>quem·</span> <span class='ocrx_word' id='word_1_27' title='bbox 1149 1079 1193 1162; x_wconf 68' lang='lat'>2‘</span> 
     </span>
     <span class='ocr_line' id='line_1_5' title="bbox 123 1163 1169 1258; baseline -0.002 -22"><span class='ocrx_word' id='word_1_28' title='bbox 123 1171 288 1238; x_wconf 75' lang='lat' dir='ltr'>admodum</span> <span class='ocrx_word' id='word_1_29' title='bbox 304 1179 489 1239; x_wconf 79' lang='lat' dir='ltr'>athletarum</span> <span class='ocrx_word' id='word_1_30' title='bbox 503 1179 546 1239; x_wconf 91' lang='lat' dir='ltr'>sic</span> <span class='ocrx_word' id='word_1_31' title='bbox 565 1163 772 1239; x_wconf 88' lang='lat' dir='ltr'>communium</span> <span class='ocrx_word' id='word_1_32' title='bbox 794 1170 978 1258; x_wconf 87' lang='lat' dir='ltr'>scriptorum</span> <span class='ocrx_word' id='word_1_33' title='bbox 996 1176 1123 1236; x_wconf 88' lang='lat' dir='ltr'>victori·</span> <span class='ocrx_word' id='word_1_34' title='bbox 1168 1193 1169 1198; x_wconf 74' lang='grc'>’</span> 
     </span>
     <span class='ocr_line' id='line_1_6' title="bbox 124 1274 1212 1355; baseline -0.004 -21"><span class='ocrx_word' id='word_1_35' title='bbox 124 1276 180 1334; x_wconf 89' lang='lat' dir='ltr'>bus</span> <span class='ocrx_word' id='word_1_36' title='bbox 193 1277 317 1355; x_wconf 77' lang='lat' dir='ltr'>praemia</span> <span class='ocrx_word' id='word_1_37' title='bbox 338 1285 368 1334; x_wconf 90' lang='lat' dir='ltr'>et</span> <span class='ocrx_word' id='word_1_38' title='bbox 389 1276 521 1336; x_wconf 86' lang='lat' dir='ltr'>honores</span> <span class='ocrx_word' id='word_1_39' title='bbox 541 1277 712 1336; x_wconf 88' lang='lat' dir='ltr'>constituit.</span> <span class='ocrx_word' id='word_1_40' title='bbox 737 1277 792 1335; x_wconf 89' lang='lat' dir='ltr'>His</span> <span class='ocrx_word' id='word_1_41' title='bbox 812 1277 854 1335; x_wconf 84' lang='lat' dir='ltr'>ita</span> <span class='ocrx_word' id='word_1_42' title='bbox 874 1274 1034 1344; x_wconf 65' lang='lat' dir='ltr'>institutis</span> <span class='ocrx_word' id='word_1_43' title='bbox 1051 1293 1122 1334; x_wconf 91' lang='lat' dir='ltr'>cum</span> <span class='ocrx_word' id='word_1_44' title='bbox 1210 1319 1212 1330; x_wconf 92' lang='lat'><em>.</em></span> 
     </span>
     <span class='ocr_line' id='line_1_7' title="bbox 123 1369 1123 1455; baseline -0.002 -26"><span class='ocrx_word' id='word_1_45' title='bbox 123 1372 186 1430; x_wconf 91' lang='lat' dir='ltr'>ludi</span> <span class='ocrx_word' id='word_1_46' title='bbox 202 1373 356 1444; x_wconf 77' lang='lat' dir='ltr'>adessent,</span> <span class='ocrx_word' id='word_1_47' title='bbox 377 1394 502 1455; x_wconf 79' lang='lat' dir='ltr'><strong>rexque,</strong></span> <span class='ocrx_word' id='word_1_48' title='bbox 523 1395 538 1432; x_wconf 92' lang='lat' dir='ltr'>e</span> <span class='ocrx_word' id='word_1_49' title='bbox 559 1373 686 1432; x_wconf 88' lang='lat' dir='ltr'>civitate</span> <span class='ocrx_word' id='word_1_50' title='bbox 696 1373 760 1454; x_wconf 87' lang='lat' dir='ltr'>jam</span> <span class='ocrx_word' id='word_1_51' title='bbox 782 1373 869 1432; x_wconf 90' lang='lat' dir='ltr'>lectis</span> <span class='ocrx_word' id='word_1_52' title='bbox 892 1393 944 1430; x_wconf 84' lang='lat' dir='ltr'>sex</span> <span class='ocrx_word' id='word_1_53' title='bbox 964 1369 1123 1451; x_wconf 83' lang='lat' dir='ltr'>judicibus</span> 
     </span>
     <span class='ocr_line' id='line_1_8' title="bbox 122 1461 1123 1550; baseline 0 -24"><span class='ocrx_word' id='word_1_54' title='bbox 122 1461 355 1541; x_wconf 63' lang='lat' dir='ltr'>litteratisnon</span> <span class='ocrx_word' id='word_1_55' title='bbox 366 1478 429 1528; x_wconf 87' lang='lat' dir='ltr'>tam</span> <span class='ocrx_word' id='word_1_56' title='bbox 442 1471 504 1529; x_wconf 87' lang='lat' dir='ltr'>cito</span> <span class='ocrx_word' id='word_1_57' title='bbox 515 1463 680 1550; x_wconf 84' lang='lat' dir='ltr'>septimum</span> <span class='ocrx_word' id='word_1_58' title='bbox 696 1471 858 1542; x_wconf 91' lang='lat' dir='ltr'>inveniret,</span> <span class='ocrx_word' id='word_1_59' title='bbox 875 1468 993 1528; x_wconf 86' lang='lat' dir='ltr'>rettulit</span> <span class='ocrx_word' id='word_1_60' title='bbox 1013 1467 1051 1526; x_wconf 89' lang='lat' dir='ltr'>ad</span> <span class='ocrx_word' id='word_1_61' title='bbox 1070 1487 1123 1526; x_wconf 85' lang='lat' dir='ltr'>eos</span> 
     </span>
     <span class='ocr_line' id='line_1_9' title="bbox 122 1565 1121 1646; baseline -0.003 -23"><span class='ocrx_word' id='word_1_62' title='bbox 122 1565 177 1644; x_wconf 91' lang='lat' dir='ltr'>qui</span> <span class='ocrx_word' id='word_1_63' title='bbox 198 1586 290 1646; x_wconf 88' lang='lat' dir='ltr'>supra</span> <span class='ocrx_word' id='word_1_64' title='bbox 311 1566 529 1626; x_wconf 76' lang='lat' dir='ltr'>bibliothecam</span> <span class='ocrx_word' id='word_1_65' title='bbox 546 1588 633 1626; x_wconf 89' lang='lat' dir='ltr'>suam</span> <span class='ocrx_word' id='word_1_66' title='bbox 648 1568 781 1638; x_wconf 88' lang='lat' dir='ltr'>fuerant,</span> <span class='ocrx_word' id='word_1_67' title='bbox 798 1574 829 1624; x_wconf 91' lang='lat' dir='ltr'>et</span> <span class='ocrx_word' id='word_1_68' title='bbox 847 1565 969 1646; x_wconf 91' lang='lat' dir='ltr'>quaesiit</span> <span class='ocrx_word' id='word_1_69' title='bbox 990 1565 1121 1644; x_wconf 89' lang='lat' dir='ltr'>siquem</span> 
     </span>
     <span class='ocr_line' id='line_1_10' title="bbox 123 1663 1124 1743; baseline -0.001 -24"><span class='ocrx_word' id='word_1_70' title='bbox 123 1663 282 1722; x_wconf 76' lang='lat' dir='ltr'>novissent</span> <span class='ocrx_word' id='word_1_71' title='bbox 303 1663 341 1722; x_wconf 88' lang='lat' dir='ltr'>ad</span> <span class='ocrx_word' id='word_1_72' title='bbox 367 1664 398 1722; x_wconf 93' lang='lat' dir='ltr'>id</span> <span class='ocrx_word' id='word_1_73' title='bbox 426 1664 615 1743; x_wconf 88' lang='lat' dir='ltr'>expeditum.</span> <span class='ocrx_word' id='word_1_74' title='bbox 631 1665 718 1722; x_wconf 85' lang='lat' dir='ltr'>Tunc</span> <span class='ocrx_word' id='word_1_75' title='bbox 731 1664 758 1722; x_wconf 90' lang='lat' dir='ltr'>ei</span> <span class='ocrx_word' id='word_1_76' title='bbox 773 1663 917 1722; x_wconf 86' lang='lat' dir='ltr'>dixerunt</span> <span class='ocrx_word' id='word_1_77' title='bbox 931 1683 996 1720; x_wconf 92' lang='lat' dir='ltr'>esse</span> <span class='ocrx_word' id='word_1_78' title='bbox 1017 1680 1124 1741; x_wconf 87' lang='lat' dir='ltr'>quem-</span> 
     </span>
     <span class='ocr_line' id='line_1_11' title="bbox 122 1759 1123 1840; baseline -0.001 -23"><span class='ocrx_word' id='word_1_79' title='bbox 122 1759 193 1817; x_wconf 85' lang='lat' dir='ltr'>dam</span> <span class='ocrx_word' id='word_1_80' title='bbox 224 1760 473 1838; x_wconf 78' lang='lat' dir='ltr'>Aristophanem,</span> <span class='ocrx_word' id='word_1_81' title='bbox 502 1762 555 1840; x_wconf 91' lang='lat' dir='ltr'>qui</span> <span class='ocrx_word' id='word_1_82' title='bbox 582 1779 701 1820; x_wconf 86' lang='lat' dir='ltr'>summo</span> <span class='ocrx_word' id='word_1_83' title='bbox 727 1760 830 1819; x_wconf 88' lang='lat' dir='ltr'>studio</span> <span class='ocrx_word' id='word_1_84' title='bbox 857 1759 994 1840; x_wconf 78' lang='lat' dir='ltr'>quotidie</span> <span class='ocrx_word' id='word_1_85' title='bbox 1015 1778 1123 1818; x_wconf 88' lang='lat' dir='ltr'>omnes</span> 
     </span>
     <span class='ocr_line' id='line_1_12' title="bbox 121 1851 1121 1937; baseline 0.002 -23"><span class='ocrx_word' id='word_1_86' title='bbox 121 1856 217 1914; x_wconf 88' lang='lat' dir='ltr'>libros</span> <span class='ocrx_word' id='word_1_87' title='bbox 231 1877 267 1914; x_wconf 82' lang='lat' dir='ltr'>eu</span> <span class='ocrx_word' id='word_1_88' title='bbox 282 1857 389 1915; x_wconf 86' lang='lat' dir='ltr'>ordine</span> <span class='ocrx_word' id='word_1_89' title='bbox 404 1851 584 1937; x_wconf 82' lang='lat' dir='ltr'>perlegeret.</span> <span class='ocrx_word' id='word_1_90' title='bbox 612 1859 694 1936; x_wconf 87' lang='lat' dir='ltr'>Ergo</span> <span class='ocrx_word' id='word_1_91' title='bbox 714 1858 825 1918; x_wconf 83' lang='lat' dir='ltr'>citatus</span> <span class='ocrx_word' id='word_1_92' title='bbox 849 1856 1070 1935; x_wconf 86' lang='lat' dir='ltr'>Aristophanes</span> <span class='ocrx_word' id='word_1_93' title='bbox 1090 1855 1121 1916; x_wconf 87' lang='lat' dir='ltr'>in</span> 
     </span>
     <span class='ocr_line' id='line_1_13' title="bbox 121 1953 1121 2032; baseline -0.002 -21"><span class='ocrx_word' id='word_1_94' title='bbox 121 1960 279 2012; x_wconf 90' lang='lat' dir='ltr'>conventu</span> <span class='ocrx_word' id='word_1_95' title='bbox 308 1953 450 2012; x_wconf 90' lang='lat' dir='ltr'>ludorum</span> <span class='ocrx_word' id='word_1_96' title='bbox 485 1975 554 2013; x_wconf 89' lang='lat' dir='ltr'>cum</span> <span class='ocrx_word' id='word_1_97' title='bbox 581 1955 690 2013; x_wconf 89' lang='lat' dir='ltr'>ceteris</span> <span class='ocrx_word' id='word_1_98' title='bbox 716 1954 804 2012; x_wconf 92' lang='lat' dir='ltr'>sedit.</span> <span class='ocrx_word' id='word_1_99' title='bbox 835 1954 937 2012; x_wconf 90' lang='lat' dir='ltr'>Primo</span> <span class='ocrx_word' id='word_1_100' title='bbox 962 1961 1121 2032; x_wconf 88' lang='lat' dir='ltr'>poetarum</span> 
     </span>
     <span class='ocr_line' id='line_1_14' title="bbox 121 2049 1143 2128; baseline -0.002 -21"><span class='ocrx_word' id='word_1_101' title='bbox 121 2049 231 2108; x_wconf 88' lang='lat' dir='ltr'>ordine</span> <span class='ocrx_word' id='word_1_102' title='bbox 246 2050 284 2108; x_wconf 88' lang='lat' dir='ltr'>ad</span> <span class='ocrx_word' id='word_1_103' title='bbox 299 2051 498 2109; x_wconf 86' lang='lat' dir='ltr'>certationem</span> <span class='ocrx_word' id='word_1_104' title='bbox 521 2051 658 2122; x_wconf 90' lang='lat' dir='ltr'>inducto,</span> <span class='ocrx_word' id='word_1_105' title='bbox 677 2072 745 2109; x_wconf 89' lang='lat' dir='ltr'>cum</span> <span class='ocrx_word' id='word_1_106' title='bbox 770 2051 972 2110; x_wconf 87' lang='lat' dir='ltr'>recitarentur</span> <span class='ocrx_word' id='word_1_107' title='bbox 995 2049 1119 2128; x_wconf 88' lang='lat' dir='ltr'>scripta,</span> <span class='ocrx_word' id='word_1_108' title='bbox 1140 2080 1143 2087; x_wconf 91' lang='lat'>·</span> 
     </span>
     <span class='ocr_line' id='line_1_15' title="bbox 121 2145 1122 2229; baseline -0.001 -25"><span class='ocrx_word' id='word_1_109' title='bbox 121 2147 256 2226; x_wconf 91' lang='lat' dir='ltr'>populus</span> <span class='ocrx_word' id='word_1_110' title='bbox 273 2155 402 2206; x_wconf 90' lang='lat' dir='ltr'>cunctus</span> <span class='ocrx_word' id='word_1_111' title='bbox 416 2149 616 2224; x_wconf 81' lang='lat' dir='ltr'>significando</span> <span class='ocrx_word' id='word_1_112' title='bbox 632 2149 776 2207; x_wconf 89' lang='lat' dir='ltr'>monebat</span> <span class='ocrx_word' id='word_1_113' title='bbox 787 2149 906 2229; x_wconf 85' lang='lat' dir='ltr'>judices</span> <span class='ocrx_word' id='word_1_114' title='bbox 921 2165 997 2226; x_wconf 89' lang='lat' dir='ltr'>quos</span> <span class='ocrx_word' id='word_1_115' title='bbox 1012 2145 1122 2225; x_wconf 90' lang='lat' dir='ltr'>proba·</span> 
     </span>
     <span class='ocr_line' id='line_1_16' title="bbox 121 2244 1122 2323; baseline -0.001 -22"><span class='ocrx_word' id='word_1_116' title='bbox 121 2251 202 2302; x_wconf 89' lang='lat' dir='ltr'>rent.</span> <span class='ocrx_word' id='word_1_117' title='bbox 222 2244 329 2323; x_wconf 89' lang='lat' dir='ltr'>ltaque</span> <span class='ocrx_word' id='word_1_118' title='bbox 346 2265 416 2304; x_wconf 90' lang='lat' dir='ltr'>cum</span> <span class='ocrx_word' id='word_1_119' title='bbox 432 2245 470 2303; x_wconf 90' lang='lat' dir='ltr'>ab</span> <span class='ocrx_word' id='word_1_120' title='bbox 490 2245 617 2322; x_wconf 90' lang='lat' dir='ltr'>singulis</span> <span class='ocrx_word' id='word_1_121' title='bbox 638 2246 798 2304; x_wconf 84' lang='lat' dir='ltr'>sententiae</span> <span class='ocrx_word' id='word_1_122' title='bbox 815 2251 887 2303; x_wconf 90' lang='lat' dir='ltr'>sunt</span> <span class='ocrx_word' id='word_1_123' title='bbox 913 2250 1038 2322; x_wconf 87' lang='lat' dir='ltr'>rogatae,</span> <span class='ocrx_word' id='word_1_124' title='bbox 1069 2263 1122 2300; x_wconf 87' lang='lat' dir='ltr'>sex</span> 
     </span>
     <span class='ocr_line' id='line_1_17' title="bbox 121 2339 1122 2420; baseline 0 -22"><span class='ocrx_word' id='word_1_125' title='bbox 121 2361 184 2399; x_wconf 90' lang='lat' dir='ltr'>una</span> <span class='ocrx_word' id='word_1_126' title='bbox 199 2340 353 2412; x_wconf 85' lang='lat' dir='ltr'>dixerunt,</span> <span class='ocrx_word' id='word_1_127' title='bbox 369 2349 399 2400; x_wconf 93' lang='lat' dir='ltr'>et</span> <span class='ocrx_word' id='word_1_128' title='bbox 418 2362 507 2420; x_wconf 91' lang='lat' dir='ltr'>quem</span> <span class='ocrx_word' id='word_1_129' title='bbox 531 2342 661 2400; x_wconf 88' lang='lat' dir='ltr'>maxime</span> <span class='ocrx_word' id='word_1_130' title='bbox 677 2340 961 2401; x_wconf 86' lang='lat' dir='ltr'>animadverterunt</span> <span class='ocrx_word' id='word_1_131' title='bbox 982 2339 1122 2398; x_wconf 88' lang='lat' dir='ltr'>multitu-</span> 
     </span>
     <span class='ocr_line' id='line_1_18' title="bbox 119 2436 1121 2519; baseline 0.001 -25"><span class='ocrx_word' id='word_1_132' title='bbox 119 2436 187 2494; x_wconf 93' lang='lat' dir='ltr'>dini</span> <span class='ocrx_word' id='word_1_133' title='bbox 204 2437 353 2516; x_wconf 86' lang='lat' dir='ltr'>placuisse</span> <span class='ocrx_word' id='word_1_134' title='bbox 368 2439 395 2496; x_wconf 89' lang='lat' dir='ltr'>ei</span> <span class='ocrx_word' id='word_1_135' title='bbox 408 2441 541 2516; x_wconf 91' lang='lat' dir='ltr'>primum</span> <span class='ocrx_word' id='word_1_136' title='bbox 562 2439 732 2518; x_wconf 87' lang='lat' dir='ltr'>praemium,</span> <span class='ocrx_word' id='word_1_137' title='bbox 752 2438 924 2519; x_wconf 86' lang='lat' dir='ltr'>insequenti</span> <span class='ocrx_word' id='word_1_138' title='bbox 951 2437 1121 2496; x_wconf 89' lang='lat' dir='ltr'>secundum</span> 
     </span>
     <span class='ocr_line' id='line_1_19' title="bbox 120 2519 1124 2614; baseline 0 -22"><span class='ocrx_word' id='word_1_139' title='bbox 120 2534 309 2595; x_wconf 86' lang='lat' dir='ltr'>tribuerunt.</span> <span class='ocrx_word' id='word_1_140' title='bbox 326 2535 548 2614; x_wconf 87' lang='lat' dir='ltr'>Aristophanes</span> <span class='ocrx_word' id='word_1_141' title='bbox 565 2519 648 2608; x_wconf 83' lang='lat' dir='ltr'>vero,</span> <span class='ocrx_word' id='word_1_142' title='bbox 666 2556 735 2595; x_wconf 92' lang='lat' dir='ltr'>cum</span> <span class='ocrx_word' id='word_1_143' title='bbox 760 2536 797 2594; x_wconf 87' lang='lat' dir='ltr'>ab</span> <span class='ocrx_word' id='word_1_144' title='bbox 821 2555 857 2593; x_wconf 89' lang='lat' dir='ltr'>eo</span> <span class='ocrx_word' id='word_1_145' title='bbox 873 2535 1022 2593; x_wconf 78' lang='lat' dir='ltr'>sent-entia</span> <span class='ocrx_word' id='word_1_146' title='bbox 1036 2555 1124 2612; x_wconf 88' lang='lat' dir='ltr'>roga-</span> 
     </span>
     <span class='ocr_line' id='line_1_20' title="bbox 120 2631 1123 2711; baseline 0.002 -23"><span class='ocrx_word' id='word_1_147' title='bbox 120 2638 219 2702; x_wconf 87' lang='lat' dir='ltr'>retur,</span> <span class='ocrx_word' id='word_1_148' title='bbox 235 2632 450 2711; x_wconf 84' lang='lat' dir='ltr'>cumprimum</span> <span class='ocrx_word' id='word_1_149' title='bbox 468 2631 661 2711; x_wconf 87' lang='lat' dir='ltr'>pronuntiari</span> <span class='ocrx_word' id='word_1_150' title='bbox 684 2632 777 2711; x_wconf 89' lang='lat' dir='ltr'>jussit</span> <span class='ocrx_word' id='word_1_151' title='bbox 800 2633 853 2711; x_wconf 90' lang='lat' dir='ltr'>qui</span> <span class='ocrx_word' id='word_1_152' title='bbox 867 2632 993 2702; x_wconf 84' lang='lat' dir='ltr'>minime</span> <span class='ocrx_word' id='word_1_153' title='bbox 1007 2631 1123 2710; x_wconf 90' lang='lat' dir='ltr'>populo</span> 
     </span>
     <span class='ocr_line' id='line_1_21' title="bbox 119 2717 1123 2807; baseline -0.001 -21"><span class='ocrx_word' id='word_1_154' title='bbox 119 2727 301 2807; x_wconf 88' lang='lat' dir='ltr'>placuisset.</span> <span class='ocrx_word' id='word_1_155' title='bbox 323 2727 402 2786; x_wconf 91' lang='lat' dir='ltr'>Cum</span> <span class='ocrx_word' id='word_1_156' title='bbox 421 2717 524 2786; x_wconf 89' lang='lat' dir='ltr'>autem</span> <span class='ocrx_word' id='word_1_157' title='bbox 543 2749 595 2787; x_wconf 86' lang='lat' dir='ltr'>rex</span> <span class='ocrx_word' id='word_1_158' title='bbox 611 2736 642 2787; x_wconf 87' lang='lat' dir='ltr'>et</span> <span class='ocrx_word' id='word_1_159' title='bbox 662 2729 798 2787; x_wconf 87' lang='lat' dir='ltr'>universi</span> <span class='ocrx_word' id='word_1_160' title='bbox 819 2727 1017 2786; x_wconf 91' lang='lat' dir='ltr'>vehementer</span> <span class='ocrx_word' id='word_1_161' title='bbox 1041 2727 1123 2785; x_wconf 87' lang='lat' dir='ltr'>indi-</span> 
     </span>
     <span class='ocr_line' id='line_1_22' title="bbox 118 2825 1124 2904; baseline -0.002 -22"><span class='ocrx_word' id='word_1_162' title='bbox 118 2831 301 2902; x_wconf 86' lang='lat' dir='ltr'>gnarentur,</span> <span class='ocrx_word' id='word_1_163' title='bbox 328 2826 461 2883; x_wconf 86' lang='lat' dir='ltr'>surrexit</span> <span class='ocrx_word' id='word_1_164' title='bbox 484 2833 514 2883; x_wconf 92' lang='lat' dir='ltr'>et</span> <span class='ocrx_word' id='word_1_165' title='bbox 528 2825 664 2903; x_wconf 87' lang='lat' dir='ltr'>rogando</span> <span class='ocrx_word' id='word_1_166' title='bbox 689 2825 867 2904; x_wconf 88' lang='lat' dir='ltr'>impetravit</span> <span class='ocrx_word' id='word_1_167' title='bbox 888 2833 923 2884; x_wconf 91' lang='lat' dir='ltr'>ut</span> <span class='ocrx_word' id='word_1_168' title='bbox 944 2831 1124 2904; x_wconf 86' lang='lat' dir='ltr'>paterentur</span> 
     </span>
     <span class='ocr_line' id='line_1_23' title="bbox 117 2921 1121 3003; baseline -0.002 -23"><span class='ocrx_word' id='word_1_169' title='bbox 117 2941 156 2980; x_wconf 89' lang='lat' dir='ltr'>se</span> <span class='ocrx_word' id='word_1_170' title='bbox 171 2921 283 2981; x_wconf 87' lang='lat' dir='ltr'>dicere.</span> <span class='ocrx_word' id='word_1_171' title='bbox 308 2922 425 3003; x_wconf 89' lang='lat' dir='ltr'>ltaque,</span> <span class='ocrx_word' id='word_1_172' title='bbox 443 2921 565 2980; x_wconf 89' lang='lat' dir='ltr'>silentio</span> <span class='ocrx_word' id='word_1_173' title='bbox 589 2923 680 2994; x_wconf 85' lang='lat' dir='ltr'>lacte,</span> <span class='ocrx_word' id='word_1_174' title='bbox 704 2923 810 2982; x_wconf 90' lang='lat' dir='ltr'>docuit</span> <span class='ocrx_word' id='word_1_175' title='bbox 827 2935 923 2981; x_wconf 92' lang='lat' dir='ltr'>unum</span> <span class='ocrx_word' id='word_1_176' title='bbox 936 2944 973 2980; x_wconf 85' lang='lat' dir='ltr'>ex</span> <span class='ocrx_word' id='word_1_177' title='bbox 988 2921 1034 2978; x_wconf 94' lang='lat' dir='ltr'>his</span> <span class='ocrx_word' id='word_1_178' title='bbox 1052 2939 1121 2979; x_wconf 91' lang='lat' dir='ltr'>eum</span> 
     </span>
     <span class='ocr_line' id='line_1_24' title="bbox 117 3018 1121 3100; baseline -0.003 -24"><span class='ocrx_word' id='word_1_179' title='bbox 117 3039 189 3077; x_wconf 90' lang='lat' dir='ltr'>esse</span> <span class='ocrx_word' id='word_1_180' title='bbox 212 3026 348 3099; x_wconf 87' lang='lat' dir='ltr'>poetam,</span> <span class='ocrx_word' id='word_1_181' title='bbox 365 3025 483 3077; x_wconf 89' lang='lat' dir='ltr'>ceteros</span> <span class='ocrx_word' id='word_1_182' title='bbox 508 3018 605 3077; x_wconf 87' lang='lat' dir='ltr'>aliena</span> <span class='ocrx_word' id='word_1_183' title='bbox 629 3020 821 3092; x_wconf 85' lang='lat' dir='ltr'>recitavisse;</span> <span class='ocrx_word' id='word_1_184' title='bbox 854 3027 995 3100; x_wconf 87' lang='lat' dir='ltr'>oportere</span> <span class='ocrx_word' id='word_1_185' title='bbox 1019 3024 1121 3076; x_wconf 88' lang='lat' dir='ltr'>autem</span> 
     </span>
    </p>

    <p class='ocr_par' dir='ltr' id='par_1_5' title="bbox 14 3113 1138 3758">
     <span class='ocr_line' id='line_1_25' title="bbox 14 3113 1122 3196; baseline -0.003 -22"><span class='ocrx_word' id='word_1_186' title='bbox 14 3117 15 3168; x_wconf 68' lang='grc' dir='ltr'><em>ἒ</em></span> <span class='ocrx_word' id='word_1_187' title='bbox 113 3115 295 3196; x_wconf 80' lang='lat' dir='ltr'>judicantes</span> <span class='ocrx_word' id='word_1_188' title='bbox 304 3135 366 3173; x_wconf 92' lang='lat' dir='ltr'>non</span> <span class='ocrx_word' id='word_1_189' title='bbox 374 3115 454 3174; x_wconf 86' lang='lat' dir='ltr'>furta</span> <span class='ocrx_word' id='word_1_190' title='bbox 466 3115 519 3173; x_wconf 90' lang='lat' dir='ltr'>sed</span> <span class='ocrx_word' id='word_1_191' title='bbox 534 3116 646 3194; x_wconf 88' lang='lat' dir='ltr'>scripta</span> <span class='ocrx_word' id='word_1_192' title='bbox 662 3115 800 3195; x_wconf 87' lang='lat' dir='ltr'>probare.</span> <span class='ocrx_word' id='word_1_193' title='bbox 813 3116 993 3174; x_wconf 87' lang='lat' dir='ltr'>Admirante</span> <span class='ocrx_word' id='word_1_194' title='bbox 1007 3113 1122 3194; x_wconf 90' lang='lat' dir='ltr'>populo</span> 
     </span>
     <span class='ocr_line' id='line_1_26' title="bbox 116 3210 1122 3299; baseline -0.003 -28"><span class='ocrx_word' id='word_1_195' title='bbox 116 3219 154 3271; x_wconf 88' lang='lat' dir='ltr'>et</span> <span class='ocrx_word' id='word_1_196' title='bbox 170 3232 242 3290; x_wconf 90' lang='lat' dir='ltr'>rege</span> <span class='ocrx_word' id='word_1_197' title='bbox 256 3211 429 3294; x_wconf 74' lang='lat' dir='ltr'>dubitante,</span> <span class='ocrx_word' id='word_1_198' title='bbox 442 3212 540 3270; x_wconf 81' lang='lat' dir='ltr'>fretus</span> <span class='ocrx_word' id='word_1_199' title='bbox 554 3212 701 3271; x_wconf 88' lang='lat' dir='ltr'>memoria</span> <span class='ocrx_word' id='word_1_200' title='bbox 716 3234 731 3271; x_wconf 91' lang='lat' dir='ltr'>e</span> <span class='ocrx_word' id='word_1_201' title='bbox 746 3213 837 3272; x_wconf 87' lang='lat' dir='ltr'>certis</span> <span class='ocrx_word' id='word_1_202' title='bbox 849 3211 986 3299; x_wconf 77' lang='lat' dir='ltr'>armariis</span> <span class='ocrx_word' id='word_1_203' title='bbox 1000 3210 1122 3269; x_wconf 87' lang='lat' dir='ltr'>infinita</span> 
     </span>
     <span class='ocr_line' id='line_1_27' title="bbox 116 3308 1124 3386; baseline -0.001 -20"><span class='ocrx_word' id='word_1_204' title='bbox 116 3308 281 3367; x_wconf 87' lang='lat' dir='ltr'>volumina</span> <span class='ocrx_word' id='word_1_205' title='bbox 295 3308 411 3383; x_wconf 84' lang='lat' dir='ltr'>eduxit,</span> <span class='ocrx_word' id='word_1_206' title='bbox 433 3315 463 3367; x_wconf 90' lang='lat' dir='ltr'>et</span> <span class='ocrx_word' id='word_1_207' title='bbox 477 3329 511 3367; x_wconf 86' lang='lat' dir='ltr'>ea</span> <span class='ocrx_word' id='word_1_208' title='bbox 535 3329 604 3367; x_wconf 91' lang='lat' dir='ltr'>cum</span> <span class='ocrx_word' id='word_1_209' title='bbox 634 3309 767 3368; x_wconf 88' lang='lat' dir='ltr'>recitatis</span> <span class='ocrx_word' id='word_1_210' title='bbox 796 3309 993 3381; x_wconf 84' lang='lat' dir='ltr'>conferendO,</span> <span class='ocrx_word' id='word_1_211' title='bbox 1022 3309 1124 3386; x_wconf 87' lang='lat' dir='ltr'>coegit</span> 
     </span>
     <span class='ocr_line' id='line_1_28' title="bbox 117 3404 1122 3486; baseline 0 -22"><span class='ocrx_word' id='word_1_212' title='bbox 117 3407 209 3485; x_wconf 88' lang='lat' dir='ltr'>ipsos</span> <span class='ocrx_word' id='word_1_213' title='bbox 224 3405 343 3463; x_wconf 88' lang='lat' dir='ltr'>furatos</span> <span class='ocrx_word' id='word_1_214' title='bbox 361 3404 399 3464; x_wconf 91' lang='lat' dir='ltr'>de</span> <span class='ocrx_word' id='word_1_215' title='bbox 415 3425 446 3463; x_wconf 92' lang='lat' dir='ltr'>se</span> <span class='ocrx_word' id='word_1_216' title='bbox 464 3405 615 3464; x_wconf 87' lang='lat' dir='ltr'>confiteri.</span> <span class='ocrx_word' id='word_1_217' title='bbox 634 3406 740 3485; x_wconf 89' lang='lat' dir='ltr'>ltaque</span> <span class='ocrx_word' id='word_1_218' title='bbox 755 3427 807 3464; x_wconf 84' lang='lat' dir='ltr'>rex</span> <span class='ocrx_word' id='word_1_219' title='bbox 821 3406 914 3486; x_wconf 89' lang='lat' dir='ltr'>jussit</span> <span class='ocrx_word' id='word_1_220' title='bbox 925 3427 995 3465; x_wconf 92' lang='lat' dir='ltr'>cum</span> <span class='ocrx_word' id='word_1_221' title='bbox 1011 3406 1058 3475; x_wconf 90' lang='lat' dir='ltr'>his</span> <span class='ocrx_word' id='word_1_222' title='bbox 1074 3407 1122 3483; x_wconf 88' lang='lat' dir='ltr'>agi</span> 
     </span>
     <span class='ocr_line' id='line_1_29' title="bbox 116 3501 1138 3583; baseline 0 -22"><span class='ocrx_word' id='word_1_223' title='bbox 116 3503 208 3575; x_wconf 84' lang='lat' dir='ltr'>furti,</span> <span class='ocrx_word' id='word_1_224' title='bbox 223 3501 506 3583; x_wconf 87' lang='lat' dir='ltr'>condemnatosque</span> <span class='ocrx_word' id='word_1_225' title='bbox 523 3523 592 3561; x_wconf 90' lang='lat' dir='ltr'>cum</span> <span class='ocrx_word' id='word_1_226' title='bbox 607 3503 775 3580; x_wconf 85' lang='lat' dir='ltr'>ignominia</span> <span class='ocrx_word' id='word_1_227' title='bbox 790 3503 925 3566; x_wconf 91' lang='lat' dir='ltr'>dimisit:</span> <span class='ocrx_word' id='word_1_228' title='bbox 943 3503 1138 3582; x_wconf 48' lang='lat' dir='ltr'>Aristophag</span> 
     </span>
     <span class='ocr_line' id='line_1_30' title="bbox 116 3599 1124 3681; baseline 0 -23"><span class='ocrx_word' id='word_1_229' title='bbox 116 3618 193 3658; x_wconf 88' lang='lat' dir='ltr'>nem</span> <span class='ocrx_word' id='word_1_230' title='bbox 216 3618 289 3657; x_wconf 93' lang='lat' dir='ltr'>vero</span> <span class='ocrx_word' id='word_1_231' title='bbox 316 3599 511 3678; x_wconf 87' lang='lat' dir='ltr'>amplissimis</span> <span class='ocrx_word' id='word_1_232' title='bbox 531 3600 708 3659; x_wconf 88' lang='lat' dir='ltr'>muneribus</span> <span class='ocrx_word' id='word_1_233' title='bbox 724 3601 846 3659; x_wconf 87' lang='lat' dir='ltr'>ornavit</span> <span class='ocrx_word' id='word_1_234' title='bbox 863 3607 893 3659; x_wconf 91' lang='lat' dir='ltr'>et</span> <span class='ocrx_word' id='word_1_235' title='bbox 905 3622 996 3681; x_wconf 88' lang='lat' dir='ltr'>supra</span> <span class='ocrx_word' id='word_1_236' title='bbox 1012 3599 1124 3658; x_wconf 90' lang='lat' dir='ltr'>biblio-</span> 
     </span>
     <span class='ocr_line' id='line_1_31' title="bbox 116 3695 431 3758; baseline 0.006 -2"><span class='ocrx_word' id='word_1_237' title='bbox 116 3698 244 3756; x_wconf 84' lang='lat' dir='ltr'>thecam</span> <span class='ocrx_word' id='word_1_238' title='bbox 259 3695 431 3758; x_wconf 85' lang='lat' dir='ltr'>constituit.</span> 
     </span>
    </p>
   </div>
   <div class='ocr_carea' id='block_1_5' title="bbox 546 3894 725 3951">
    <p class='ocr_par' dir='ltr' id='par_1_6' title="bbox 546 3894 725 3951">
     <span class='ocr_line' id='line_1_32' title="bbox 546 3894 725 3951; baseline 0.006 -1"><span class='ocrx_word' id='word_1_239' title='bbox 546 3894 642 3950; x_wconf 72' lang='lat' dir='ltr'>—tat</span> <span class='ocrx_word' id='word_1_240' title='bbox 667 3924 725 3951; x_wconf 73' lang='grc'>-..</span> 
     </span>
    </p>
   </div>
   <div class='ocr_carea' id='block_1_6' title="bbox 0 0 1346 4258">
    <p class='ocr_par' dir='ltr' id='par_1_7' title="bbox 0 0 1346 4258">
     <span class='ocr_line' id='line_1_33' title="bbox 0 0 1346 4258; baseline 0 2"><span class='ocrx_word' id='word_1_241' title='bbox 0 0 1346 4258; x_wconf 95' lang='lat' dir='ltr'> </span> 
     </span>
    </p>
   </div>
  </div>
 </body>
</html>
