2678 4250
338 207 410 246 Loxa
431 209 482 246 nsss
504 209 673 262 assimulans,
696 211 731 248 DE
753 211 788 248 LA
809 211 911 264 TABLE,
933 211 969 248 nli
991 211 1027 247 La
1048 183 1160 247 PdRURE

250 324 281 374 tu
303 317 383 395 apud
403 319 507 378 nescio
528 340 619 398 quom
638 329 751 391 ostrea,
775 320 894 391 vulvas,
919 319 1054 393 echinos,
1079 317 1253 379 Gaditanas

249 411 394 475 maluisti.
412 415 506 474 Dabis
521 437 638 495 poenas,
661 438 722 476 non
741 417 811 477 dico
830 437 916 498 quas.
936 417 1020 476 Dure
1035 414 1153 486 fecisti3
1168 411 1254 472 invi-

182 529 202 569 .’
232 507 332 582 disti,
354 512 455 570 nescio
472 533 511 571 an
529 513 595 586 tibi,
612 519 694 574 certe
709 515 795 585 mihi,
810 501 870 573 ¹sed
891 521 996 572 tamen
1011 519 1042 572 et
1057 511 1126 572 tibi.
1144 509 1255 576 Quan-

249 612 315 665 tum
341 628 397 666 nos
431 603 619 683 lusissemus,
653 612 835 680 risissemus,
873 591 1117 670 studuissemus!
1136 605 1252 664 'Potes

249 704 425 782 apparatius
444 726 552 765 cenare
573 698 655 785 apud
679 696 807 782 muito‘s;
831 726 983 786 nusquam
1007 704 1147 776 hilarius,
1169 701 1252 760 sim·

249 797 371 878 plicius,
391 801 556 863 incautius.
574 804 609 861 In
628 824 758 877 summa,
779 803 931 884 experire;
953 808 995 876 et,
1016 801 1074 861 nisi
1092 806 1202 882 pos-tea
1221 805 1254 857 te

248 893 315 954 aliis
332 896 434 976 potius
449 895 652 972 excusaveris,
671 899 747 958 mihi
762 921 882 979 semper
891 917 1014 959 excusa.
1099 929 1105 937 ·

464 1185 467 1190 -
495 1145 579 1204 270.
601 1149 658 1204 Un
676 1158 790 1215 repas
813 1146 858 1202 de
882 1145 1000 1214 poete.

607 1249 738 1331 (Cenula
755 1249 892 1332 poetae.)

183 1409 225 1472 3·
330 1408 363 1468 Si
383 1409 464 1468 tristi
486 1409 659 1468 domicenio
680 1409 812 1480 laboras,

330 1505 452 1577 Torani,
476 1513 564 1585 potes
585 1506 699 1572 esurire
720 1526 852 1565 mecum.

250 1610 252 1614 ’
332 1603 401 1661 Non
423 1603 552 1661 deerunt
572 1602 638 1676 tibi,
662 1603 687 1661 si
709 1602 787 1660 soles
808 1602 949 1685 προπίνειν,

331 1699 415 1758 Viles
438 1697 642 1780 Cappadocae¹
650 1718 819 1778 gravesque
841 1698 936 1778 porri,

332 1796 447 1856 Divisis
469 1797 594 1876 cybium
616 1796 726 1855 latebit
747 1797 824 1855 ovis.

253 1898 259 1902 “
333 1893 468 1953 Ponetur
488 1893 592 1972 digitis
614 1893 764 1952 tenendus
786 1893 863 1951 ustis

333 1991 426 2069 Nigra
449 1991 598 2049 coliculus
620 1990 721 2048 virens
743 1989 865 2070 patella,

331 2087 607 2164 Algentem'modo
630 2087 681 2166 qui
703 2087 829 2166 reliquit
849 2086 985 2159 hortum,

333 2185 371 2242 Et
392 2184 507 2263 pultem
530 2184 651 2242 niveam
674 2205 814 2262 premens
837 2182 980 2255 botelluS,

254 2299 256 2306 ’
333 2281 370 2339 Et
392 2280 508 2360 pallens
531 2280 690 2339 sabaeum
713 2281 841 2339 rubente
864 2280 961 2338 lard0.

332 2377 447 2436 Mensae
469 2398 596 2436 munera
618 2377 642 2434 si
665 2376 750 2435 voles
771 2377 926 2449 secundae,

252 2465 262 2498 '¹
332 2474 506 2533 Marcentes
527 2474 584 2532 tibi
606 2474 803 2553 porrigentur
823 2494 903 2546 uvae,

333 2571 372 2630 Et
393 2591 504 2629 nomen
525 2571 590 2650 pira
612 2592 681 2650 quae
703 2570 806 2629 serunt
827 2571 997 2649 Syrorum,¹

335 2668 372 2726 Et
392 2683 468 2748 quas
489 2667 580 2727 docta
602 2667 746 2746 Neapolis
768 2667 895 2738 creavit,

333 2766 430 2823 Lento
452 2772 601 2824 castaneae
623 2785 736 2843 vapore
758 2771 873 2822 tostae:

332 2861 446 2921 Vinum
468 2870 501 2921 tu
523 2862 617 2920 facies
640 2862 755 2919 bonum
777 2860 923 2919 bibendo

333 2958 408 3017 Post
429 2958 494 3017 haec
516 2959 619 3016 omnia
641 2957 721 3016 forte
743 2958 767 3017 si
789 2956 928 3016 movebit
967 2967 970 2972 '
1046 2964 1051 2972 '

335 3055 473 3114 Bacchus
495 3075 585 3133 quam
609 3054 686 3112 solet
708 3053 920 3121 esuritionem,

308 3195 313 3205 ,
332 3153 520 3211 Succurrent
541 3152 597 3210 tihi
619 3151 737 3210 nobiles
759 3150 860 3222 olivae,

334 3249 437 3308 Piceni
459 3248 551 3307 modo
572 3268 648 3326 quas
669 3247 767 3306 tulere
788 3245 876 3320 rami,

334 3346 373 3404 Et
392 3346 514 3404 fervens
536 3344 616 3403 cicer
638 3351 668 3403 et
689 3352 797 3424 tepens
818 3343 953 3422 lupinus.

334 3443 430 3501 Parva
453 3449 499 3501 est
520 3440 627 3500 cenula
649 3477 687 3486 -
709 3441 777 3520 quis
799 3446 901 3520 potest
922 3437 1058 3517 negare?
1079 3468 1129 3512 -,

333 3540 394 3599 Sed
415 3540 512 3616 tinges
534 3538 609 3597 nihil
631 3539 776 3597 audiesve
798 3538 914 3610 fictum,
1127 3547 1129 3552 '
1174 3533 1176 3540 ’

334 3637 373 3696 Et
393 3637 481 3695 vultu
504 3635 642 3715 placidus
664 3643 719 3709 tuo
741 3634 914 3706 recumbes,

332 3734 397 3792 Nec
418 3753 552 3792 crassum
575 3733 719 3791 dominus
741 3731 823 3810 leget
843 3729 1010 3816 volumen..
1077 3785 1079 3790 .

678 3918 837 3971 -1882
