2656 4258
13 2480 20 2598 ἕ

220 209 304 266 144.
325 208 598 278 Presertpttons
613 207 794 264 relatives
805 219 880 263 aux
891 205 1109 280 fiancetlles

215 370 218 378 .
324 311 495 392 (Quaedam
516 311 766 395 desponsalibus
781 309 1003 393 praescripta.)

202 471 366 551 Sponsalia
391 472 423 530 in
441 493 476 532 ea
504 478 589 551 parte
613 470 721 542 Italiae,
748 491 816 550 quae
840 470 961 529 Latium
979 467 1162 549 appellatur,
1190 463 1230 528 θ’

164 567 226 628 hoc
240 589 326 627 more
342 576 434 648 atque
445 569 515 648 jure
533 569 623 627 solita
638 568 703 626 ficri
720 567 842 646 scripsit
864 567 988 625 Servius
1011 563 1164 643 Sulpicius

74 653 80 662 ⁸
163 665 197 724 in
213 663 293 723 libro
309 664 346 723 de
362 665 516 744 Dotibus:
536 690 551 719 u
568 665 626 732 Qui
639 685 777 735 uxorem,
797 664 908 744 inquit,
924 663 1072 722 ducturus
1087 667 1163 731 erat,

163 761 262 821 abeo
287 760 367 820 unde
391 761 531 820 ducenda
551 768 616 820 erat
636 760 841 840 stipulabatur
867 780 932 818 eam
955 760 987 816 in
1009 757 1164 816 matrimo-

163 858 252 916 nium
268 857 395 917 ductum
407 858 461 928 iri;
479 858 532 937 qui
547 858 677 917 daturus
692 866 758 916 erat
770 856 876 915 itidem
892 855 1063 935 spondebat
1078 854 1166 912 datu-

163 975 245 1014 rum.
261 955 290 1012 ls
311 961 487 1014 contractus
510 953 745 1034 stipulationum
763 955 1025 1033 sponsionumque
1044 949 1165 1010 diceba-

74 1125 78 1131 ·
162 1058 216 1110 tur
228 1051 393 1130 sponsalia.
412 1051 501 1121 Tum,
519 1057 588 1133 q'uae
606 1051 756 1130 promissa
774 1057 848 1123 erat,
866 1069 978 1128 sponsa
991 1047 1164 1127 appellaba-

162 1155 231 1218 tur;
249 1148 301 1227 qui
330 1147 723 1227 spoponderat'dncturum
738 1167 879 1226 sponsus.
899 1146 960 1204 Sed
984 1145 1008 1203 si
1030 1151 1100 1223 post
1115 1164 1166 1202 eas

162 1244 379 1324 stipulationes
406 1265 484 1302 uxor
507 1264 568 1310 non
598 1244 737 1316 dabatur,
755 1251 808 1301 aut
826 1264 887 1301 non
907 1241 1088 1313 ducebatur,
1113 1242 1165 1320 qui

161 1340 371 1420 stipulabatur
395 1361 432 1400 ex
469 1361 584 1420 sponsu
611 1341 729 1419 agebat.
765 1339 888 1398 ludices
928 1338 1165 1416 cognoscebant.

160 1438 180 1496 J
186 1438 266 1496 udex
281 1437 480 1516 quamobrem
498 1437 569 1496 data
586 1444 750 1516 acceptave
772 1457 833 1494 non
852 1436 961 1495 luisset
980 1455 1058 1493 uxor
1084 1455 1167 1514 quae-

166 1534 267 1593 rebat.
284 1534 316 1592 Si
332 1533 408 1592 nihil
421 1535 514 1614 justae
530 1554 629 1593 cansae
640 1533 812 1604 videbatur,
833 1533 918 1591 litem
943 1531 1073 1611 pecunia
1087 1531 1168 1604 aesti-

163 1630 270 1690 mabat
285 1649 291 1690 :
310 1631 481 1710 quantique
494 1631 675 1689 interfuerat
687 1651 754 1689 eam
765 1635 892 1688 uxorem
908 1629 1005 1708 accipi
1018 1636 1072 1688 aut
1088 1615 1166 1700 dari,

166 1745 239 1786 eum
256 1727 309 1806 qui
324 1727 533 1807 spoponderat
561 1734 614 1785 aut
640 1727 691 1806 qui
715 1726 878 1806 stipulatus
894 1733 959 1784 erat
984 1725 1167 1784 condemna-

163 1825 230 1886 bat.
245 1848 259 1878 »
284 1824 352 1882 Hoc
360 1823 413 1903 jus
429 1822 653 1903 sponsaliorum
676 1824 871 1882 observatum
895 1823 971 1881 dicit
990 1823 1115 1880 Servius
1129 1820 1167 1879 ad

165 1919 198 1978 id
214 1926 348 1999 tempus,
365 1940 427 2000 quo
451 1920 560 1979 civitas
586 1921 730 1978 universo
747 1919 833 1978 Latio
849 1919 915 1996 lege
928 1917 1009 1976 Julia
1025 1918 1094 1977 data
1108 1926 1164 1976 est.

167 2158 253 2214 145.
270 2158 389 2214 Chant
404 2159 470 2216 des
489 2161 657 2227 Parques
676 2173 750 2216 aux
773 2169 884 2216 noces
909 2159 954 2216 de
983 2155 1110 2214 'rhetis
1130 2158 1168 2214 et

572 2247 617 2302 de
645 2243 760 2303 Peles.
973 2243 976 2250 '

246 2349 433 2425 (Parcarum
445 2370 570 2409 carmen
585 2349 623 2408 de
640 2349 782 2410 'l'betidis
801 2357 830 2411 et
845 2350 934 2411 Pelei
947 2349 1085 2432 nuptiis.)

218 2507 371 2566 Nascetur
391 2507 480 2566 vobis
502 2529 609 2590 expers
631 2511 756 2567 terroris
777 2509 922 2582 Achilles,
1159 2505 1161 2510 ¹
1195 2515 1235 2579 2⁰

227 2604 376 2662 Hostibus
398 2604 481 2663 haud
503 2613 601 2682 tergo,
626 2604 678 2664 sed
697 2606 768 2664 lorti
791 2613 914 2685 pectore
937 2612 1039 2680 notus,

222 2700 294 2774 Qui,
317 2721 463 2781 persaepe
485 2723 564 2779 vago
586 2703 686 2760 victor
706 2702 872 2762 certamine
894 2725 1012 2777 cursnS,

226 2796 380 2857 Flammea
401 2806 580 2878 praevortet
601 2799 708 2857 celeris
730 2799 859 2876 vestigia
882 2821 1004 2862 cervae.

220 2891 346 2952 Currite
368 2894 515 2954 ducentes
538 2895 722 2967 subtemina,
751 2896 864 2954 currite
886 2896 958 2956 lusi.

365 2991 451 3050 Illius
477 2992 614 3070 egregias
636 2993 767 3052 virtutes
789 2993 930 3072 claraque
952 2993 1033 3052 facta

219 3088 320 3166 Saepe
342 3088 521 3146 fatebuntur
542 3096 705 3166 gnatorum
728 3090 758 3146 in
781 3090 888 3147 funere
911 3097 1034 3164 matres,

219 3183 303 3242 Cum
324 3184 355 3242 in
377 3185 511 3243 cinerem
533 3206 626 3262 canos
649 3186 770 3244 solvent
791 3208 807 3244 a
830 3187 944 3244 vertice
967 3188 1079 3263 crineS,

225 3280 413 3360 Putridaque
435 3282 564 3341 infirmis
588 3283 752 3341 variabunt
773 3290 897 3362 pectora
919 3283 1039 3361 palmis,

220 3376 345 3435 Currite
359 3378 505 3438 ducentes
521 3379 705 3450 subtemina,
721 3379 835 3439 currite
849 3379 919 3439 lusi.

354 3475 494 3556 Namque
506 3476 592 3569 velut
603 3475 712 3534 densas
723 3483 919 3554 prosternens
932 3478 1033 3536 cultor
1044 3479 1166 3552 aristas,

224 3569 294 3628 Sole
317 3571 372 3629 sub
395 3572 520 3642 ardenti
536 3573 681 3632 flaventia
703 3572 832 3630 demetit
847 3594 922 3633 arva
940 3593 946 3633 z

219 3665 431 3745 Trojugenum
453 3668 565 3727 infesto
582 3677 756 3748 prosternet
777 3690 906 3749 corpora
928 3671 1022 3730 ferro,

220 3761 345 3822 Currite
367 3763 514 3825 ducentes
536 3765 719 3838 subtemina,
743 3767 857 3824 currite
880 3767 950 3827 lusi.

590 3952 747 4003 ..101-
