2682 4258
508 203 543 240 ta
564 203 611 239 vir
632 184 731 240 renata
753 203 803 240 ons
824 201 951 240 nonnius

233 311 307 370 dum
335 313 405 370 est?
433 313 501 370 No'n
527 320 561 371 ut
584 313 636 370 diu
660 313 799 370 vivamus
830 311 1000 371 curandum
1029 319 1086 383 est,
1116 311 1168 368 sed
1199 317 1236 369 ut

194 452 211 482 ⁴.
234 409 318 468 satie.
338 409 428 482 Nam,
447 417 479 468 ut
499 409 550 468 diu
570 410 667 481 vivae,
686 410 749 468 lato
769 430 846 488 opus
866 416 928 481 est;
953 416 987 492 ut
1007 408 1090 478 satiS,
1117 407 1233 466 anime.

236 505 337 581 Longa
354 512 400 563 est
414 506 489 579 vita,
507 506 532 563 si
553 506 642 584 plena
666 514 734 570 est:
756 506 903 585 impletur
922 493 1039 574 autem,
1068 525 1138 562 cum
1167 502 1245 588 ani-¹

235 622 302 662 mus
324 601 379 659 sibi
401 602 517 660 bonum
539 624 627 660 suum
649 602 795 675 reddidit,
813 609 843 660 et
868 604 905 660 ad
928 623 958 660 se
981 609 1166 681 potestatem
1187 599 1236 662 sui

236 699 403 758 transtulit.
421 699 499 765 Quid
521 699 606 774 illum
625 699 782 777 octoginta
798 699 870 758 anni
888 699 1001 779 juvant
1014 719 1070 777 per
1091 697 1236 758 inertiam

233 795 359 854 exacti?
378 817 441 853 non
463 796 539 855 vixit
555 783 622 869 iste,
645 796 697 854 sed
721 796 751 853 in
772 796 835 853 vita
857 803 995 854 moratus
1011 802 1072 867 est;
1095 815 1151 853 nec
1166 813 1238 852 sero

235 883 375 950 mortuus
389 900 445 963 est,
463 893 515 951 sed
537 893 602 952 diu.
620 917 635 948 a
657 893 824 970 Octoginta
836 893 924 950 anuis
939 892 1040 950 vixitl
1059 916 1079 947 a
1091 891 1234 961 Interest,

235 996 364 1047 mortem
394 990 461 1068 ejus
488 1011 525 1048 ex
555 1011 616 1070 quo
645 989 693 1048 die
722 979 874 1048 numeres.
908 1013 922 1042 a
939 991 980 1047 At
995 988 1048 1046 ille
1064 987 1140 1046 obiit
1164 987 1239 1062 viri·

235 1086 306 1144 dist
336 1112 350 1141 i>
380 1086 439 1144 Sed
476 1087 575 1146 officia
614 1086 686 1145 boni
713 1086 800 1158 civis,
830 1086 904 1143 boni
931 1085 1034 1152 amici,
1059 1083 1136 1141 boni
1169 1083 1237 1154 filii,

235 1190 397 1242 exsecutus
408 1191 468 1254 est;
480 1184 510 1240 in
521 1183 604 1242 nulla
613 1190 698 1263 parte
709 1183 850 1241 cessavit.
866 1183 951 1240 Licet
963 1181 1028 1260 ejus
1041 1189 1113 1238 aetas
1125 1181 1238 1260 imper-

235 1279 314 1338 fecta
331 1279 381 1351 sit,
397 1281 459 1338 vita
468 1281 602 1359 perlecta
619 1266 674 1339 est.
693 1304 707 1334 α
718 1279 882 1356 Octoginta
893 1279 980 1338 annis
995 1278 1074 1336 vixit
1087 1280 1093 1336 l
1108 1303 1122 1331 a
1138 1278 1240 1342 lmmo

236 1366 392 1453 octoginta
419 1365 507 1434 annis
533 1375 614 1456 suit!
645 1377 702 1434 nisi
727 1377 805 1435 lorte
835 1376 878 1434 sic
903 1373 1016 1434 vixisse
1045 1394 1114 1434 eum
1137 1373 1237 1445 -dicis,

235 1472 391 1554 quomodo
407 1474 552 1532 dicuntur
567 1473 692 1532 arbores
706 1461 830 1531 vivere.¹

404 1616 487 1672 471.
507 1616 580 1683 Que
599 1617 638 1671 la
650 1615 710 1670 vie
730 1615 825 1671 n’est
839 1627 910 1683 pas
924 1615 1063 1670 courte.

507 1702 626 1782 (Vitam
649 1723 709 1760 nan
731 1723 796 1761 esse
817 1700 966 1780 brevem.)

174 1812 212 1876 2⁸
264 1815 357 1882 Quid
375 1817 412 1875 de
428 1837 528 1875 rerum
545 1825 653 1875 natura
669 1816 850 1896 querimur?
865 1816 915 1874 illa
932 1837 962 1874 se
978 1816 1108 1892 benigne
1123 1814 1237 1890 gessit:

239 1913 311 1983 vita,
329 1913 352 1970 si
371 1915 448 1972 scias
466 1914 521 1986 uti,
538 1914 629 1990 longa
647 1922 703 1972 est.
721 1913 824 1972 Alium
847 1913 1028 1972 insatiabilis
1044 1919 1128 1970 tenet
1143 1910 1242 1968 avari-

238 2009 281 2068 tia
294 2029 300 2069 :
318 2009 410 2068 alium
426 2011 456 2068 in
468 2011 667 2089 supervacuis
678 2010 833 2069 laboribus
845 2031 974 2090 operosa
984 2008 1145 2080 sedulitas;
1161 2007 1241 2065 alius

238 2106 346 2164 inertia
363 2114 479 2186 torpet;
497 2107 589 2165 alium
603 2107 751 2185 defatigat
767 2129 804 2166 ex
819 2107 926 2165 alienis
944 2106 1069 2186 judiciis
1089 2124 1240 2182 suspensa

238 2223 359 2282 semper
378 2205 519 2276 ambitio;
542 2204 635 2262 alium
655 2205 811 2264 mercandi
832 2224 968 2283 praeceps
986 2201 1138 2281 cupiditas
1159 2201 1239 2259 circa

240 2319 347 2358 omnes
384 2308 490 2372 terras,
515 2301 618 2358 omnia
645 2303 751 2372 maria,
789 2321 841 2380 spe
875 2300 963 2370 lucri,
992 2299 1087 2357 ducit.
1121 2296 1241 2356 blultos

237 2403 292 2456 aut
321 2398 474 2454 allectatio
505 2397 612 2456 alienae
640 2399 783 2458 fortunae.
804 2405 934 2456 autsuae
964 2395 1067 2453 odiam
1090 2393 1239 2464 detinuit;

237 2493 411 2574 plerosque,
442 2494 518 2551 niliil
550 2501 668 2552 certum
692 2503 866 2572 sequentes,
892 2514 966 2570 vaga
1001 2500 1030 2550 et
1059 2484 1242 2549 inconstans

239 2597 271 2650 et
284 2590 341 2648 sibi
354 2590 518 2668 displicens
532 2591 641 2649 levitas
655 2611 709 2668 per
724 2611 802 2649 nova
816 2591 943 2648 consilia
954 2589 1094 2668 jactavit.
1108 2588 1242 2654 Quibus·
1329 2629 1330 2660 ,

238 2687 308 2745 dam
339 2687 414 2744 nibil
439 2708 501 2766 quo
530 2708 654 2746 cursum
676 2687 820 2764 dirigant,
845 2687 955 2766 placet,
987 2686 1038 2743 sed
1066 2691 1240 2743 marcentes

238 2785 465 2862 oscitantesque
491 2784 553 2842 tata
581 2784 838 2863 deprehendunt:
872 2783 947 2842 adeo
977 2791 1010 2841 ut
1040 2781 1124 2861 quod
1155 2781 1239 2860 apud

185 2937 190 2959 ἰ
238 2880 405 2963 maximum
422 2888 581 2959 poetarum
601 2901 684 2938 more
705 2881 821 2939 oraculi
841 2880 955 2938 dictum
975 2889 1031 2952 est,
1051 2900 1156 2938 verum
1169 2899 1240 2937 esse

239 2977 462 3048 nondubitem,

360 3075 476 3151 Exigua
498 3095 567 3154 pars
589 3084 636 3133 est
659 3074 740 3144 vitae,
765 3096 856 3153 quam
879 3096 935 3132 nos
958 3073 1114 3141 vivimus;

237 3180 357 3231 eertum
380 3171 505 3251 quidem
530 3193 619 3229 omne
636 3171 769 3250 spatium
784 3192 846 3228 non
869 3172 944 3241 vita,
964 3169 1015 3226 sed
1042 3178 1161 3246 tempus
1178 3175 1239 3226 est.

242 3269 389 3346 Urgentia
404 3268 605 3326 circumstant
621 3269 693 3326 vitia
710 3268 846 3346 undique
862 3287 867 3327 :
886 3287 942 3325 nec
954 3253 1124 3342 resurgere,
1139 3271 1194 3322 aut
1209 3266 1240 3323 in

238 3365 413 3445 dispectum
434 3366 498 3422 veri
517 3364 657 3424 attollere
678 3365 783 3422 oculos
810 3365 926 3434 sinunt,
945 3364 995 3421 sed
1017 3383 1142 3432 mersos
1163 3368 1193 3419 et
1209 3362 1241 3418 in

240 3459 460 3540 cupiditatibus
474 3463 585 3519 infixos
600 3469 753 3540 premunt.
770 3461 945 3540 Numquam
957 3459 1016 3517 illis
1033 3478 1186 3516 recurrere
1202 3458 1241 3516 ad

240 3579 272 3618 se
291 3559 372 3634 licet.
395 3559 426 3615 Si
449 3553 572 3638 qnando
599 3558 700 3637 aliqua
719 3558 805 3636 quies
826 3558 955 3616 lortuito
978 3555 1119 3632 contigit,
1144 3554 1241 3613 veluti

240 3653 395 3736 profundo
410 3655 496 3726 mari,
515 3655 545 3712 in
563 3675 624 3733 quo
638 3662 709 3734 post
723 3662 851 3712 ventum
870 3674 992 3734 quoque
1015 3652 1163 3710 volutatio
1181 3659 1240 3724 est,

240 3756 440 3823 tluctuantur,
456 3772 511 3809 nec
535 3772 682 3848 ,umquam
706 3751 767 3809 illis
790 3772 806 3808 a
825 3751 1047 3830 cupiditatibus
1065 3749 1127 3807 suis
1142 3748 1241 3807 otium

238 3850 335 3908 instat

673 3958 703 3966 -
724 3929 776 3978 aaa
795 3959 829 3988 -,
