2678 4250
248 191 442 230 ennox-Anas.
464 205 503 214 -
524 173 674 231 utrumne.
697 205 730 215 ——
755 191 896 228 evocars.
912 203 952 214 -
972 189 1167 228 ruoresseuus

209 301 325 380 optime
350 301 527 378 digeratur:
555 303 620 361 sive
643 302 700 361 hac
726 302 764 361 de
787 323 878 362 causa
892 301 1054 361 concoctio
1076 300 1210 374 incidat,

208 397 274 456 sive
288 398 325 456 de
338 398 401 471 illa,
416 407 447 458 et
458 398 522 458 sive
535 399 694 458 concoctio
713 399 752 459 sit
766 398 827 472 illa,
842 400 907 458 sive
922 405 1044 459 tantum
1057 397 1210 477 digesti0;

209 515 309 573 neque
325 497 525 576 quaerendum
544 517 610 555 esse
626 494 782 576 quomodo
800 495 961 576 spiremus‚
976 496 1028 555 sed
1045 494 1120 575 quid
1135 515 1209 573 gra-

209 611 279 649 vem
310 591 494 673 tardumque
520 593 663 674 spiritum
693 592 859 673 expediat;
893 612 993 672 neque
1018 591 1094 672 quid
1113 611 1214 650 venas

195 696 342 772 moveat,
365 689 419 748 sed
439 689 514 770 quid
530 711 660 770 quaeque
681 697 783 750 motus
797 709 909 767 genera
926 689 1111 769 significent.
1133 688 1215 747 Haeo

209 792 312 844 autem
335 787 478 864 cognosci
509 787 735 867 experimentis.
764 786 803 846 Et
824 787 856 846 in
884 785 1028 846 omnibus
1057 784 1216 865 ejusmodi

209 881 448 960 cogitationibus
471 884 504 943 in
525 890 688 964 utramque
707 889 826 964 partem
848 883 955 942 disseri
975 903 1077 964 posse,
1104 882 1215 962 itaque

209 978 366 1057 ingenium
389 986 420 1039 et
439 980 615 1041 facundiam
633 980 778 1042 vincere:
803 981 927 1040 morbos
949 987 1052 1040 autem
1070 999 1132 1038 non
1145 978 1215 1038 elo-

209 1076 336 1155 quentia
350 1077 403 1136 sed
416 1077 559 1137 remediis
573 1077 684 1136 curari.
707 1077 781 1144 Quae
796 1077 821 1136 si
841 1077 910 1157 quis
929 1077 1060 1155 elinguis
1076 1096 1132 1135 usu
1149 1075 1214 1135 dis·

209 1179 293 1231 creta
327 1173 405 1232 bene
437 1175 530 1247 norit,
564 1173 647 1234 hunc
679 1174 838 1254 aliquanto
872 1174 1020 1254 majorem
1055 1172 1214 1232 medicum

209 1268 347 1328 futurum
361 1289 453 1349 quam
468 1270 493 1328 si
508 1270 573 1330 sine
588 1290 644 1330 usu
659 1270 796 1349 linguam
807 1261 893 1330 suam
907 1269 1087 1331 excoluerit.

448 1562 533 1621 313.
553 1563 744 1634 Principes
765 1563 969 1635 d’hygtene.

317 1683 435 1766 (Pauca
456 1684 494 1746 de
517 1685 631 1747 tuenda
652 1685 830 1746 valetudine
846 1669 1102 1768 precipiantur.)

143 1905 185 1970 3⁰
250 1897 349 1956 Sanus
375 1897 478 1972 homo,
506 1899 559 1979 qui
587 1905 617 1958 et
640 1898 718 1958 bene
743 1898 836 1972 valet,
862 1904 894 1957 et
915 1918 978 1957 suae
1003 1896 1122 1978 spontis
1151 1901 1213 1969 est,

211 1993 302 2053 nullis
323 1994 459 2072 obligare
481 2015 512 2054 se
529 1995 647 2073 legibus
667 1995 769 2068 debet,
792 2015 828 2054 ac
852 2016 950 2074 neque
967 1992 1087 2054 medico
1110 2013 1216 2072 neque

209 2089 363 2171 iatralipte
377 2112 475 2169 egere.
494 2091 586 2151 Hunc
601 2098 723 2172 oportet
738 2091 858 2151 varium
877 2091 989 2150 habere
1004 2091 1076 2150 vitae
1089 2106 1205 2169 genus:

209 2186 302 2245 modo
321 2187 385 2246 ruri
402 2208 479 2261 esse,
496 2189 589 2247 modo
612 2189 643 2246 in
665 2188 750 2262 urbe,
774 2189 947 2269 saepiusque
965 2188 997 2246 iu
1013 2205 1103 2266 agro;
1126 2186 1216 2244 navi-

209 2303 291 2361 gare,
312 2285 429 2357 venari,
446 2286 604 2365 quiescere
621 2285 787 2359 interdum,
805 2285 859 2344 sed
876 2285 1067 2365 frequentius
1080 2305 1111 2343 se
1125 2303 1216 2342 exer-

209 2398 299 2440 cere:
327 2381 352 2439 si
377 2382 501 2460 quidem
529 2382 653 2460 ignavia
683 2403 795 2462 corpus
824 2383 957 2454 hebetat,
982 2381 1069 2442 labor
1088 2380 1213 2440 firmat:

209 2476 261 2535 illa
272 2485 422 2536 maturam
438 2486 638 2551 senectutem,
652 2478 702 2537 hic
713 2478 835 2557 longam
846 2478 1085 2538 adulescentiam
1098 2475 1213 2536 reddit.

210 2573 339 2633 Prodest
359 2575 450 2633 etiam
474 2575 629 2634 interdum
651 2574 775 2648 balnen,
799 2575 957 2634 interdum
979 2574 1067 2654 aquis
1093 2572 1216 2652 frigidis

210 2671 272 2744 uti;
302 2671 394 2731 modo
415 2672 498 2750 ungi,
523 2673 615 2730 modo
638 2673 773 2752 idipsum
799 2672 979 2750 neglegere3
1006 2671 1126 2731 nullum
1148 2669 1214 2728 cibi

209 2789 306 2848 genus
323 2769 439 2846 fugere,
461 2790 523 2850 quo
541 2769 675 2849 populus
691 2775 811 2844 utatur;
833 2768 989 2829 interdum
1010 2769 1042 2828 in
1065 2767 1216 2828 convictu

210 2887 287 2938 esse,
304 2866 458 2925 interdum
472 2867 509 2925 ab
528 2888 563 2925 eo
577 2888 608 2925 se
623 2865 797 2940 retrabere;
817 2865 909 2925 modo
924 2866 994 2946 plus
1007 2854 1215 2946 justosmodo

210 2983 272 3021 non
287 2963 416 3042 amplius
432 2983 602 3037 assumere;
625 2963 671 3022 bis
686 2963 735 3022 die
756 2963 860 3043 potius
883 2983 976 3043 quam
998 2961 1091 3036 semel
1106 2960 1215 3020 cibum

209 3080 328 3140 capere,
346 3066 377 3119 et
398 3080 518 3139 semper
534 3081 626 3140 quam
650 3060 829 3140 plurimum,
845 3058 1015 3118 dummodo
1035 3058 1117 3117 bunc
1140 3077 1216 3117 con-

210 3164 333 3236 coquat.
348 3156 419 3228 Sed,
437 3164 471 3216 ut
483 3156 575 3237 hujus
586 3157 707 3235 generis
721 3157 957 3216 exercitationes
969 3155 1091 3235 cibique
1107 3175 1217 3214 neces·

211 3254 283 3312 sarii
306 3261 388 3326 sunt,
414 3253 458 3313 sic
479 3253 615 3313 athletici
642 3254 837 3334 supervacui.
863 3253 942 3313 Nam
964 3259 996 3311 et
1017 3251 1216 3312 intermissus

211 3357 337 3429 propter
361 3351 467 3411 civiles
496 3351 616 3430 aliquas
648 3351 846 3410 necessitates
875 3349 951 3410 ordo
981 3348 1213 3408 exercitationis

211 3467 322 3526 corpus
349 3448 474 3525 affligit;
495 3455 527 3507 et
549 3467 737 3526 eacorpora,
755 3468 825 3527 quae
850 3468 935 3507 more
960 3465 1067 3504 eorum
1091 3444 1213 3524 repleta

212 3550 295 3614 sunt,
329 3543 486 3604 celerrime
510 3551 542 3604 et
569 3551 735 3603 senescunt
759 3552 791 3603 et
816 3549 979 3622 aegrotant.
1010 3542 1085 3600 Haec
1113 3541 1214 3601 firmis

211 3638 361 3699 servanda
389 3648 471 3714 sunt,
496 3641 731 3719 cavendumque
759 3662 797 3700 ne
821 3641 853 3699 in
877 3638 1010 3699 secunda
1032 3637 1217 3698 valetudine

212 3736 349 3796 adversae
362 3737 503 3815 praesidia
517 3745 749 3800 consumantur.

633 3925 791 3975 -220-
