<?xml version="1.0" encoding="UTF-8"?>
<!DOCTYPE html PUBLIC "-//W3C//DTD XHTML 1.0 Transitional//EN"
    "http://www.w3.org/TR/xhtml1/DTD/xhtml1-transitional.dtd">
<html xmlns="http://www.w3.org/1999/xhtml" xml:lang="en" lang="en">
 <head>
  <title>
</title>
<meta http-equiv="Content-Type" content="text/html;charset=utf-8" />
  <meta name='ocr-system' content='tesseract 3.04.00' />
  <meta name='ocr-capabilities' content='ocr_page ocr_carea ocr_par ocr_line ocrx_word'/>
</head>
<body>
  <div class='ocr_page' id='page_1' title='image "./depublicaprivat00arnagoog_0322.png"; bbox 0 0 2678 4250; ppageno 0'>
   <div class='ocr_carea' id='block_1_1' title="bbox 185 186 1038 362">
    <p class='ocr_par' dir='ltr' id='par_1_1' title="bbox 185 186 1038 362">
     <span class='ocr_line' id='line_1_1' title="bbox 185 186 1038 274; baseline -0.005 -30"><span class='ocrx_word' id='word_1_1' title='bbox 185 187 270 245; x_wconf 83' lang='grc'><strong>369.</strong></span> <span class='ocrx_word' id='word_1_2' title='bbox 297 187 390 244; x_wconf 81' lang='lat' dir='ltr'>Bien</span> <span class='ocrx_word' id='word_1_3' title='bbox 409 187 489 244; x_wconf 80' lang='lat' dir='ltr'>dire</span> <span class='ocrx_word' id='word_1_4' title='bbox 510 189 547 243; x_wconf 87' lang='lat' dir='ltr'>et</span> <span class='ocrx_word' id='word_1_5' title='bbox 566 186 651 244; x_wconf 81' lang='lat' dir='ltr'>bien</span> <span class='ocrx_word' id='word_1_6' title='bbox 673 199 808 274; x_wconf 85' lang='lat' dir='ltr'>penser</span> <span class='ocrx_word' id='word_1_7' title='bbox 832 187 916 242; x_wconf 87' lang='lat' dir='ltr'>sont</span> <span class='ocrx_word' id='word_1_8' title='bbox 941 187 1038 241; x_wconf 82' lang='lat' dir='ltr'>deux</span> 
     </span>
     <span class='ocr_line' id='line_1_2' title="bbox 314 289 825 362; baseline -0.006 -13"><span class='ocrx_word' id='word_1_9' title='bbox 314 334 317 339; x_wconf 84' lang='lat'>.</span> <span class='ocrx_word' id='word_1_10' title='bbox 402 293 536 349; x_wconf 80' lang='lat' dir='ltr'><strong>choses</strong></span> <span class='ocrx_word' id='word_1_11' title='bbox 554 289 825 362; x_wconf 81' lang='lat' dir='ltr'>msepsrables.</span> 
     </span>
    </p>
   </div>
   <div class='ocr_carea' id='block_1_2' title="bbox 240 401 988 486">
    <p class='ocr_par' dir='ltr' id='par_1_2' title="bbox 240 401 988 486">
     <span class='ocr_line' id='line_1_3' title="bbox 240 401 988 486; baseline -0.001 -21"><span class='ocrx_word' id='word_1_12' title='bbox 240 404 284 485; x_wconf 77' lang='lat' dir='ltr'>(A</span> <span class='ocrx_word' id='word_1_13' title='bbox 304 403 465 464; x_wconf 74' lang='lat' dir='ltr'><strong><em>sententiis</em></strong></span> <span class='ocrx_word' id='word_1_14' title='bbox 487 402 580 464; x_wconf 77' lang='lat' dir='ltr'>verba</span> <span class='ocrx_word' id='word_1_15' title='bbox 601 403 731 486; x_wconf 61' lang='lat' dir='ltr'>sejungi</span> <span class='ocrx_word' id='word_1_16' title='bbox 752 424 813 462; x_wconf 87' lang='lat' dir='ltr'>non</span> <span class='ocrx_word' id='word_1_17' title='bbox 829 401 988 486; x_wconf 85' lang='lat' dir='ltr'>possunt.)</span> 
     </span>
    </p>
   </div>
   <div class='ocr_carea' id='block_1_3' title="bbox 105 603 1199 2332">
    <p class='ocr_par' dir='ltr' id='par_1_3' title="bbox 105 603 1199 2332">
     <span class='ocr_line' id='line_1_4' title="bbox 155 603 1172 688; baseline 0.001 -22"><span class='ocrx_word' id='word_1_18' title='bbox 155 607 233 666; x_wconf 83' lang='lat' dir='ltr'>Nam</span> <span class='ocrx_word' id='word_1_19' title='bbox 248 627 319 668; x_wconf 88' lang='lat' dir='ltr'>cum</span> <span class='ocrx_word' id='word_1_20' title='bbox 333 607 433 666; x_wconf 89' lang='lat' dir='ltr'>omnis</span> <span class='ocrx_word' id='word_1_21' title='bbox 448 627 486 666; x_wconf 90' lang='lat' dir='ltr'>ex</span> <span class='ocrx_word' id='word_1_22' title='bbox 497 627 530 666; x_wconf 92' lang='lat' dir='ltr'>re</span> <span class='ocrx_word' id='word_1_23' title='bbox 541 613 634 688; x_wconf 88' lang='lat' dir='ltr'>atque</span> <span class='ocrx_word' id='word_1_24' title='bbox 644 606 747 666; x_wconf 91' lang='lat' dir='ltr'>verbis</span> <span class='ocrx_word' id='word_1_25' title='bbox 759 613 880 666; x_wconf 90' lang='lat' dir='ltr'>constet</span> <span class='ocrx_word' id='word_1_26' title='bbox 893 606 1002 679; x_wconf 87' lang='lat' dir='ltr'>oratio,</span> <span class='ocrx_word' id='word_1_27' title='bbox 1017 625 1116 686; x_wconf 84' lang='lat' dir='ltr'>neque</span> <span class='ocrx_word' id='word_1_28' title='bbox 1132 603 1172 667; x_wconf 76' lang='lat'>2⁴</span> 
     </span>
     <span class='ocr_line' id='line_1_5' title="bbox 110 702 1116 784; baseline -0.002 -23"><span class='ocrx_word' id='word_1_29' title='bbox 110 705 206 762; x_wconf 87' lang='lat' dir='ltr'>verba</span> <span class='ocrx_word' id='word_1_30' title='bbox 222 702 332 774; x_wconf 86' lang='lat' dir='ltr'>¹sedern</span> <span class='ocrx_word' id='word_1_31' title='bbox 355 702 468 770; x_wconf 83' lang='lat' dir='ltr'>habere</span> <span class='ocrx_word' id='word_1_32' title='bbox 494 711 635 784; x_wconf 81' lang='lat' dir='ltr'><strong>possunt,</strong></span> <span class='ocrx_word' id='word_1_33' title='bbox 658 705 683 762; x_wconf 89' lang='lat' dir='ltr'>si</span> <span class='ocrx_word' id='word_1_34' title='bbox 705 724 768 762; x_wconf 89' lang='lat' dir='ltr'>rem</span> <span class='ocrx_word' id='word_1_35' title='bbox 793 702 992 774; x_wconf 86' lang='lat' dir='ltr'>subtraxeris,</span> <span class='ocrx_word' id='word_1_36' title='bbox 1017 722 1116 780; x_wconf 90' lang='lat' dir='ltr'>neque</span> 
     </span>
     <span class='ocr_line' id='line_1_6' title="bbox 110 799 1116 879; baseline -0.004 -19"><span class='ocrx_word' id='word_1_37' title='bbox 110 821 163 860; x_wconf 90' lang='lat' dir='ltr'>res</span> <span class='ocrx_word' id='word_1_38' title='bbox 181 801 296 872; x_wconf 83' lang='lat' dir='ltr'>iumen,</span> <span class='ocrx_word' id='word_1_39' title='bbox 321 801 346 858; x_wconf 91' lang='lat' dir='ltr'>si</span> <span class='ocrx_word' id='word_1_40' title='bbox 367 801 462 860; x_wconf 90' lang='lat' dir='ltr'>verba</span> <span class='ocrx_word' id='word_1_41' title='bbox 484 800 663 860; x_wconf 89' lang='lat' dir='ltr'>semoveris.</span> <span class='ocrx_word' id='word_1_42' title='bbox 687 802 732 858; x_wconf 88' lang='lat' dir='ltr'>Ac</span> <span class='ocrx_word' id='word_1_43' title='bbox 754 799 829 858; x_wconf 92' lang='lat' dir='ltr'>mihi</span> <span class='ocrx_word' id='word_1_44' title='bbox 853 799 976 879; x_wconf 90' lang='lat' dir='ltr'>quidem</span> <span class='ocrx_word' id='word_1_45' title='bbox 997 806 1116 856; x_wconf 86' lang='lat' dir='ltr'>veteres</span> 
     </span>
     <span class='ocr_line' id='line_1_7' title="bbox 110 893 1116 976; baseline -0.004 -20"><span class='ocrx_word' id='word_1_46' title='bbox 110 897 159 956; x_wconf 86' lang='lat' dir='ltr'>illi</span> <span class='ocrx_word' id='word_1_47' title='bbox 186 898 287 976; x_wconf 86' lang='lat' dir='ltr'>majus</span> <span class='ocrx_word' id='word_1_48' title='bbox 313 897 461 976; x_wconf 84' lang='lat' dir='ltr'>quiddam</span> <span class='ocrx_word' id='word_1_49' title='bbox 490 893 595 957; x_wconf 87' lang='lat' dir='ltr'>animo</span> <span class='ocrx_word' id='word_1_50' title='bbox 623 896 775 976; x_wconf 82' lang='lat' dir='ltr'><strong>complexi</strong></span> <span class='ocrx_word' id='word_1_51' title='bbox 803 896 872 976; x_wconf 92' lang='lat' dir='ltr'>plus</span> <span class='ocrx_word' id='word_1_52' title='bbox 901 895 998 954; x_wconf 85' lang='lat' dir='ltr'>multo</span> <span class='ocrx_word' id='word_1_53' title='bbox 1023 895 1116 953; x_wconf 90' lang='lat' dir='ltr'>etiam</span> 
     </span>
     <span class='ocr_line' id='line_1_8' title="bbox 111 977 1116 1074; baseline -0.003 -23"><span class='ocrx_word' id='word_1_54' title='bbox 111 995 228 1052; x_wconf 88' lang='lat' dir='ltr'>vidisse</span> <span class='ocrx_word' id='word_1_55' title='bbox 252 993 409 1066; x_wconf 87' lang='lat' dir='ltr'>videntur,</span> <span class='ocrx_word' id='word_1_56' title='bbox 436 977 529 1073; x_wconf 80' lang='lat' dir='ltr'>quam</span> <span class='ocrx_word' id='word_1_57' title='bbox 554 985 704 1074; x_wconf 87' lang='lat' dir='ltr'>quantum</span> <span class='ocrx_word' id='word_1_58' title='bbox 722 1000 898 1052; x_wconf 86' lang='lat' dir='ltr'>nostrorum</span> <span class='ocrx_word' id='word_1_59' title='bbox 923 991 1116 1070; x_wconf 87' lang='lat' dir='ltr'>ingeniorum</span> 
     </span>
     <span class='ocr_line' id='line_1_9' title="bbox 109 1090 1117 1172; baseline -0.005 -22"><span class='ocrx_word' id='word_1_60' title='bbox 109 1091 193 1164; x_wconf 81' lang='lat' dir='ltr'>acies</span> <span class='ocrx_word' id='word_1_61' title='bbox 228 1091 343 1148; x_wconf 90' lang='lat' dir='ltr'>intueri</span> <span class='ocrx_word' id='word_1_62' title='bbox 378 1097 491 1170; x_wconf 90' lang='lat' dir='ltr'>potest,</span> <span class='ocrx_word' id='word_1_63' title='bbox 528 1091 581 1172; x_wconf 92' lang='lat' dir='ltr'>qui</span> <span class='ocrx_word' id='word_1_64' title='bbox 616 1091 720 1150; x_wconf 87' lang='lat' dir='ltr'>omnia</span> <span class='ocrx_word' id='word_1_65' title='bbox 753 1090 829 1163; x_wconf 88' lang='lat' dir='ltr'>haee,</span> <span class='ocrx_word' id='word_1_66' title='bbox 865 1111 934 1168; x_wconf 83' lang='lat' dir='ltr'>quae</span> <span class='ocrx_word' id='word_1_67' title='bbox 960 1109 1052 1168; x_wconf 88' lang='lat' dir='ltr'>supra</span> <span class='ocrx_word' id='word_1_68' title='bbox 1086 1093 1117 1146; x_wconf 91' lang='lat' dir='ltr'>et</span> 
     </span>
     <span class='ocr_line' id='line_1_10' title="bbox 111 1187 1126 1266; baseline -0.003 -21"><span class='ocrx_word' id='word_1_69' title='bbox 111 1187 230 1256; x_wconf 85' lang='lat' dir='ltr'>subter,</span> <span class='ocrx_word' id='word_1_70' title='bbox 248 1207 344 1245; x_wconf 92' lang='lat' dir='ltr'>unum</span> <span class='ocrx_word' id='word_1_71' title='bbox 369 1207 433 1246; x_wconf 89' lang='lat' dir='ltr'>esse</span> <span class='ocrx_word' id='word_1_72' title='bbox 455 1194 486 1246; x_wconf 88' lang='lat' dir='ltr'>et</span> <span class='ocrx_word' id='word_1_73' title='bbox 514 1207 575 1246; x_wconf 92' lang='lat' dir='ltr'>una</span> <span class='ocrx_word' id='word_1_74' title='bbox 594 1188 625 1245; x_wconf 89' lang='lat' dir='ltr'>vi</span> <span class='ocrx_word' id='word_1_75' title='bbox 647 1194 740 1266; x_wconf 85' lang='lat' dir='ltr'>atque</span> <span class='ocrx_word' id='word_1_76' title='bbox 768 1187 971 1246; x_wconf 84' lang='lat' dir='ltr'>consensione</span> <span class='ocrx_word' id='word_1_77' title='bbox 999 1191 1126 1243; x_wconf 88' lang='lat' dir='ltr'>naturae.</span> 
     </span>
     <span class='ocr_line' id='line_1_11' title="bbox 107 1282 1127 1361; baseline -0.004 -19"><span class='ocrx_word' id='word_1_78' title='bbox 107 1283 281 1343; x_wconf 83' lang='lat' dir='ltr'>constricta</span> <span class='ocrx_word' id='word_1_79' title='bbox 306 1304 370 1342; x_wconf 90' lang='lat' dir='ltr'>esse</span> <span class='ocrx_word' id='word_1_80' title='bbox 390 1282 544 1344; x_wconf 84' lang='lat' dir='ltr'>dixerunt.</span> <span class='ocrx_word' id='word_1_81' title='bbox 566 1283 694 1342; x_wconf 91' lang='lat' dir='ltr'>Nullum</span> <span class='ocrx_word' id='word_1_82' title='bbox 714 1291 760 1343; x_wconf 89' lang='lat' dir='ltr'>est</span> <span class='ocrx_word' id='word_1_83' title='bbox 782 1283 864 1342; x_wconf 91' lang='lat' dir='ltr'>enim</span> <span class='ocrx_word' id='word_1_84' title='bbox 884 1303 980 1361; x_wconf 87' lang='lat' dir='ltr'>genus</span> <span class='ocrx_word' id='word_1_85' title='bbox 1001 1302 1127 1351; x_wconf 90' lang='lat' dir='ltr'>rerum,-</span> 
     </span>
     <span class='ocr_line' id='line_1_12' title="bbox 109 1380 1117 1460; baseline -0.002 -22"><span class='ocrx_word' id='word_1_86' title='bbox 109 1381 197 1460; x_wconf 83' lang='lat' dir='ltr'>quod</span> <span class='ocrx_word' id='word_1_87' title='bbox 207 1388 262 1438; x_wconf 87' lang='lat' dir='ltr'>aut</span> <span class='ocrx_word' id='word_1_88' title='bbox 276 1381 418 1438; x_wconf 87' lang='lat' dir='ltr'>avulsum</span> <span class='ocrx_word' id='word_1_89' title='bbox 434 1380 569 1440; x_wconf 87' lang='lat' dir='ltr'>aceteris</span> <span class='ocrx_word' id='word_1_90' title='bbox 583 1401 639 1460; x_wconf 91' lang='lat' dir='ltr'>per</span> <span class='ocrx_word' id='word_1_91' title='bbox 651 1401 683 1440; x_wconf 89' lang='lat' dir='ltr'>se</span> <span class='ocrx_word' id='word_1_92' title='bbox 699 1381 799 1460; x_wconf 89' lang='lat' dir='ltr'>ipsum</span> <span class='ocrx_word' id='word_1_93' title='bbox 815 1387 966 1452; x_wconf 80' lang='lat' dir='ltr'>constare,</span> <span class='ocrx_word' id='word_1_94' title='bbox 983 1384 1037 1438; x_wconf 87' lang='lat' dir='ltr'>aut</span> <span class='ocrx_word' id='word_1_95' title='bbox 1054 1398 1117 1458; x_wconf 91' lang='lat' dir='ltr'>quo</span> 
     </span>
     <span class='ocr_line' id='line_1_13' title="bbox 107 1477 1124 1557; baseline -0.004 -21"><span class='ocrx_word' id='word_1_96' title='bbox 107 1485 215 1536; x_wconf 87' lang='lat' dir='ltr'>cetera</span> <span class='ocrx_word' id='word_1_97' title='bbox 232 1477 257 1536; x_wconf 90' lang='lat' dir='ltr'>si</span> <span class='ocrx_word' id='word_1_98' title='bbox 272 1484 399 1536; x_wconf 82' lang='lat' dir='ltr'>careant</span> <span class='ocrx_word' id='word_1_99' title='bbox 416 1478 480 1535; x_wconf 88' lang='lat' dir='ltr'>vim</span> <span class='ocrx_word' id='word_1_100' title='bbox 500 1497 587 1536; x_wconf 85' lang='lat' dir='ltr'>suam</span> <span class='ocrx_word' id='word_1_101' title='bbox 605 1483 697 1557; x_wconf 90' lang='lat' dir='ltr'>atque</span> <span class='ocrx_word' id='word_1_102' title='bbox 715 1478 919 1536; x_wconf 83' lang='lat' dir='ltr'>aeternitatem</span> <span class='ocrx_word' id='word_1_103' title='bbox 934 1495 1124 1535; x_wconf 53' lang='lat' dir='ltr'>conservare«</span> 
     </span>
     <span class='ocr_line' id='line_1_14' title="bbox 108 1572 1118 1653; baseline -0.003 -20"><span class='ocrx_word' id='word_1_104' title='bbox 108 1573 244 1652; x_wconf 80' lang='lat' dir='ltr'>possint.</span> <span class='ocrx_word' id='word_1_105' title='bbox 271 1573 331 1632; x_wconf 88' lang='lat' dir='ltr'>Sed</span> <span class='ocrx_word' id='word_1_106' title='bbox 356 1575 381 1631; x_wconf 92' lang='lat' dir='ltr'>si</span> <span class='ocrx_word' id='word_1_107' title='bbox 405 1573 472 1632; x_wconf 85' lang='lat' dir='ltr'>haec</span> <span class='ocrx_word' id='word_1_108' title='bbox 500 1573 598 1653; x_wconf 88' lang='lat' dir='ltr'>major</span> <span class='ocrx_word' id='word_1_109' title='bbox 620 1593 685 1633; x_wconf 90' lang='lat' dir='ltr'>esse</span> <span class='ocrx_word' id='word_1_110' title='bbox 709 1573 788 1633; x_wconf 87' lang='lat' dir='ltr'>ratio</span> <span class='ocrx_word' id='word_1_111' title='bbox 815 1572 947 1644; x_wconf 91' lang='lat' dir='ltr'>videtur,</span> <span class='ocrx_word' id='word_1_112' title='bbox 967 1592 1058 1653; x_wconf 83' lang='lat' dir='ltr'>quam</span> <span class='ocrx_word' id='word_1_113' title='bbox 1084 1578 1118 1630; x_wconf 92' lang='lat' dir='ltr'>ut</span> 
     </span>
     <span class='ocr_line' id='line_1_15' title="bbox 109 1669 1118 1750; baseline 0 -22"><span class='ocrx_word' id='word_1_114' title='bbox 109 1670 274 1729; x_wconf 91' lang='lat' dir='ltr'>hominnm</span> <span class='ocrx_word' id='word_1_115' title='bbox 294 1672 392 1750; x_wconf 86' lang='lat' dir='ltr'>possit</span> <span class='ocrx_word' id='word_1_116' title='bbox 415 1691 507 1730; x_wconf 86' lang='lat' dir='ltr'>sensu</span> <span class='ocrx_word' id='word_1_117' title='bbox 529 1678 583 1729; x_wconf 90' lang='lat' dir='ltr'>aut</span> <span class='ocrx_word' id='word_1_118' title='bbox 605 1671 791 1750; x_wconf 84' lang='lat' dir='ltr'>cogitatione</span> <span class='ocrx_word' id='word_1_119' title='bbox 817 1669 1049 1749; x_wconf 84' lang='lat' dir='ltr'>comprehendi,</span> <span class='ocrx_word' id='word_1_120' title='bbox 1071 1675 1118 1728; x_wconf 90' lang='lat' dir='ltr'>est</span> 
     </span>
     <span class='ocr_line' id='line_1_16' title="bbox 109 1766 1117 1841; baseline -0.001 -16"><span class='ocrx_word' id='word_1_121' title='bbox 109 1767 205 1825; x_wconf 87' lang='lat' dir='ltr'>etiam</span> <span class='ocrx_word' id='word_1_122' title='bbox 220 1767 271 1825; x_wconf 88' lang='lat' dir='ltr'>illa</span> <span class='ocrx_word' id='word_1_123' title='bbox 288 1766 425 1826; x_wconf 85' lang='lat' dir='ltr'>Platonis</span> <span class='ocrx_word' id='word_1_124' title='bbox 438 1788 511 1827; x_wconf 87' lang='lat' dir='ltr'>vera</span> <span class='ocrx_word' id='word_1_125' title='bbox 530 1773 561 1826; x_wconf 91' lang='lat' dir='ltr'>et</span> <span class='ocrx_word' id='word_1_126' title='bbox 583 1767 653 1841; x_wconf 86' lang='lat' dir='ltr'>tihi,</span> <span class='ocrx_word' id='word_1_127' title='bbox 670 1767 790 1840; x_wconf 88' lang='lat' dir='ltr'>Catule,</span> <span class='ocrx_word' id='word_1_128' title='bbox 808 1775 890 1826; x_wconf 88' lang='lat' dir='ltr'>certe</span> <span class='ocrx_word' id='word_1_129' title='bbox 905 1788 966 1825; x_wconf 92' lang='lat' dir='ltr'>non</span> <span class='ocrx_word' id='word_1_130' title='bbox 979 1766 1117 1824; x_wconf 84' lang='lat' dir='ltr'>inaudita</span> 
     </span>
     <span class='ocr_line' id='line_1_17' title="bbox 107 1863 1129 1942; baseline 0 -22"><span class='ocrx_word' id='word_1_131' title='bbox 107 1883 185 1934; x_wconf 85' lang='lat' dir='ltr'>vox,</span> <span class='ocrx_word' id='word_1_132' title='bbox 200 1883 323 1922; x_wconf 90' lang='lat' dir='ltr'>omnem</span> <span class='ocrx_word' id='word_1_133' title='bbox 338 1863 509 1922; x_wconf 87' lang='lat' dir='ltr'>doctrinam</span> <span class='ocrx_word' id='word_1_134' title='bbox 527 1863 637 1922; x_wconf 87' lang='lat' dir='ltr'>harum</span> <span class='ocrx_word' id='word_1_135' title='bbox 649 1865 852 1942; x_wconf 86' lang='lat' dir='ltr'>ingenuarum</span> <span class='ocrx_word' id='word_1_136' title='bbox 869 1872 900 1923; x_wconf 91' lang='lat' dir='ltr'>et</span> <span class='ocrx_word' id='word_1_137' title='bbox 913 1863 1129 1936; x_wconf 26' lang='lat' dir='ltr'>humanarum·</span> 
     </span>
     <span class='ocr_line' id='line_1_18' title="bbox 107 1960 1199 2041; baseline 0.002 -22"><span class='ocrx_word' id='word_1_138' title='bbox 107 1961 225 2019; x_wconf 89' lang='lat' dir='ltr'>artium</span> <span class='ocrx_word' id='word_1_139' title='bbox 243 1981 305 2018; x_wconf 91' lang='lat' dir='ltr'>uno</span> <span class='ocrx_word' id='word_1_140' title='bbox 320 1960 453 2041; x_wconf 90' lang='lat' dir='ltr'>quodam</span> <span class='ocrx_word' id='word_1_141' title='bbox 468 1961 624 2019; x_wconf 88' lang='lat' dir='ltr'>societatis</span> <span class='ocrx_word' id='word_1_142' title='bbox 639 1961 764 2019; x_wconf 92' lang='lat' dir='ltr'>vinculo</span> <span class='ocrx_word' id='word_1_143' title='bbox 780 1961 943 2020; x_wconf 90' lang='lat' dir='ltr'>contineri.</span> <span class='ocrx_word' id='word_1_144' title='bbox 960 1960 1020 2018; x_wconf 92' lang='lat' dir='ltr'>Ubi</span> <span class='ocrx_word' id='word_1_145' title='bbox 1036 1960 1117 2018; x_wconf 85' lang='lat' dir='ltr'>¹enim</span> <span class='ocrx_word' id='word_1_146' title='bbox 1195 2014 1199 2021; x_wconf 91' lang='lat'>.</span> 
     </span>
     <span class='ocr_line' id='line_1_19' title="bbox 111 2057 1117 2138; baseline -0.002 -22"><span class='ocrx_word' id='word_1_147' title='bbox 111 2064 274 2138; x_wconf 89' lang='lat' dir='ltr'>perspecta</span> <span class='ocrx_word' id='word_1_148' title='bbox 297 2057 343 2116; x_wconf 91' lang='lat' dir='ltr'>vis</span> <span class='ocrx_word' id='word_1_149' title='bbox 363 2064 410 2116; x_wconf 85' lang='lat' dir='ltr'>est</span> <span class='ocrx_word' id='word_1_150' title='bbox 428 2058 558 2116; x_wconf 89' lang='lat' dir='ltr'>rationis</span> <span class='ocrx_word' id='word_1_151' title='bbox 585 2057 662 2136; x_wconf 64' lang='lat' dir='ltr'>ejus</span> <span class='ocrx_word' id='word_1_152' title='bbox 690 2078 751 2137; x_wconf 91' lang='lat' dir='ltr'>qua</span> <span class='ocrx_word' id='word_1_153' title='bbox 773 2078 872 2116; x_wconf 84' lang='lat' dir='ltr'>eausae</span> <span class='ocrx_word' id='word_1_154' title='bbox 897 2077 1001 2116; x_wconf 90' lang='lat' dir='ltr'>rerum</span> <span class='ocrx_word' id='word_1_155' title='bbox 1025 2062 1117 2135; x_wconf 89' lang='lat' dir='ltr'>atque</span> 
     </span>
     <span class='ocr_line' id='line_1_20' title="bbox 109 2153 1119 2234; baseline -0.002 -22"><span class='ocrx_word' id='word_1_156' title='bbox 109 2154 214 2212; x_wconf 86' lang='lat' dir='ltr'>exitus</span> <span class='ocrx_word' id='word_1_157' title='bbox 240 2163 482 2231; x_wconf 85' lang='lat' dir='ltr'>cognoscuntur,</span> <span class='ocrx_word' id='word_1_158' title='bbox 516 2154 612 2213; x_wconf 89' lang='lat' dir='ltr'>mirus</span> <span class='ocrx_word' id='word_1_159' title='bbox 632 2154 757 2234; x_wconf 87' lang='lat' dir='ltr'>quidam</span> <span class='ocrx_word' id='word_1_160' title='bbox 777 2155 915 2212; x_wconf 90' lang='lat' dir='ltr'>omnium</span> <span class='ocrx_word' id='word_1_161' title='bbox 937 2153 1025 2234; x_wconf 85' lang='lat' dir='ltr'>quasi</span> <span class='ocrx_word' id='word_1_162' title='bbox 1044 2172 1119 2211; x_wconf 90' lang='lat' dir='ltr'>con·</span> 
     </span>
     <span class='ocr_line' id='line_1_21' title="bbox 105 2251 877 2332; baseline 0.001 -24"><span class='ocrx_word' id='word_1_163' title='bbox 105 2271 221 2309; x_wconf 87' lang='lat' dir='ltr'>sensus</span> <span class='ocrx_word' id='word_1_164' title='bbox 242 2251 453 2311; x_wconf 87' lang='lat' dir='ltr'>doctrinarum</span> <span class='ocrx_word' id='word_1_165' title='bbox 470 2259 701 2332; x_wconf 89' lang='lat' dir='ltr'>concentusque</span> <span class='ocrx_word' id='word_1_166' title='bbox 715 2251 877 2331; x_wconf 90' lang='lat' dir='ltr'>reperitur.</span> 
     </span>
    </p>
   </div>
   <div class='ocr_carea' id='block_1_4' title="bbox 380 2493 851 2701">
    <p class='ocr_par' dir='ltr' id='par_1_4' title="bbox 380 2493 851 2701">
     <span class='ocr_line' id='line_1_22' title="bbox 383 2493 848 2565; baseline -0.006 0"><span class='ocrx_word' id='word_1_167' title='bbox 383 2507 467 2565; x_wconf 78' lang='lat'><strong>370.</strong></span> <span class='ocrx_word' id='word_1_168' title='bbox 488 2507 654 2564; x_wconf 80' lang='lat' dir='ltr'>L’aotlon</span> <span class='ocrx_word' id='word_1_169' title='bbox 672 2493 848 2565; x_wconf 78' lang='lat' dir='ltr'>oratotre.</span> 
     </span>
     <span class='ocr_line' id='line_1_23' title="bbox 380 2619 851 2701; baseline -0.004 -21"><span class='ocrx_word' id='word_1_170' title='bbox 380 2619 438 2701; x_wconf 88' lang='lat' dir='ltr'>(De</span> <span class='ocrx_word' id='word_1_171' title='bbox 458 2619 577 2680; x_wconf 85' lang='lat' dir='ltr'>actione</span> <span class='ocrx_word' id='word_1_172' title='bbox 600 2619 633 2680; x_wconf 88' lang='lat' dir='ltr'>in</span> <span class='ocrx_word' id='word_1_173' title='bbox 654 2625 851 2694; x_wconf 78' lang='lat' dir='ltr'>orationihus.)</span> 
     </span>
    </p>
   </div>
   <div class='ocr_carea' id='block_1_5' title="bbox 102 2781 1185 3822">
    <p class='ocr_par' dir='ltr' id='par_1_5' title="bbox 102 2781 1185 3822">
     <span class='ocr_line' id='line_1_24' title="bbox 155 2781 1185 2860; baseline 0.002 -20"><span class='ocrx_word' id='word_1_174' title='bbox 155 2781 258 2840; x_wconf 88' lang='lat' dir='ltr'>Habet</span> <span class='ocrx_word' id='word_1_175' title='bbox 282 2781 364 2840; x_wconf 86' lang='lat' dir='ltr'>actio</span> <span class='ocrx_word' id='word_1_176' title='bbox 392 2782 499 2840; x_wconf 89' lang='lat' dir='ltr'>miram</span> <span class='ocrx_word' id='word_1_177' title='bbox 531 2781 695 2860; x_wconf 88' lang='lat' dir='ltr'>quamdam</span> <span class='ocrx_word' id='word_1_178' title='bbox 721 2781 753 2838; x_wconf 92' lang='lat' dir='ltr'>in</span> <span class='ocrx_word' id='word_1_179' title='bbox 782 2781 955 2842; x_wconf 88' lang='lat' dir='ltr'>oratoribus</span> <span class='ocrx_word' id='word_1_180' title='bbox 985 2784 1049 2844; x_wconf 89' lang='lat' dir='ltr'>vim</span> <span class='ocrx_word' id='word_1_181' title='bbox 1082 2804 1117 2843; x_wconf 86' lang='lat' dir='ltr'>ac</span> <span class='ocrx_word' id='word_1_182' title='bbox 1133 2799 1185 2854; x_wconf 58' lang='lat' dir='ltr'>nh</span> 
     </span>
     <span class='ocr_line' id='line_1_25' title="bbox 105 2877 1117 2960; baseline 0.001 -23"><span class='ocrx_word' id='word_1_183' title='bbox 105 2884 318 2960; x_wconf 67' lang='lat' dir='ltr'>potestatem</span> <span class='ocrx_word' id='word_1_184' title='bbox 341 2899 440 2958; x_wconf 89' lang='lat' dir='ltr'>neque</span> <span class='ocrx_word' id='word_1_185' title='bbox 459 2885 520 2936; x_wconf 89' lang='lat' dir='ltr'>tam</span> <span class='ocrx_word' id='word_1_186' title='bbox 539 2878 633 2936; x_wconf 82' lang='lat' dir='ltr'>refert</span> <span class='ocrx_word' id='word_1_187' title='bbox 651 2877 752 2957; x_wconf 89' lang='lat' dir='ltr'>qualia</span> <span class='ocrx_word' id='word_1_188' title='bbox 777 2877 838 2944; x_wconf 84' lang='lat' dir='ltr'>sint</span> <span class='ocrx_word' id='word_1_189' title='bbox 852 2899 921 2957; x_wconf 85' lang='lat' dir='ltr'>quae</span> <span class='ocrx_word' id='word_1_190' title='bbox 942 2881 1022 2940; x_wconf 86' lang='lat' dir='ltr'>intra</span> <span class='ocrx_word' id='word_1_191' title='bbox 1047 2900 1117 2939; x_wconf 91' lang='lat' dir='ltr'>nos-</span> 
     </span>
     <span class='ocr_line' id='line_1_26' title="bbox 102 2974 1117 3055; baseline -0.002 -19"><span class='ocrx_word' id='word_1_192' title='bbox 102 2975 263 3055; x_wconf 87' lang='lat' dir='ltr'>metipsos</span> <span class='ocrx_word' id='word_1_193' title='bbox 281 2976 522 3055; x_wconf 81' lang='lat' dir='ltr'>composuimus,</span> <span class='ocrx_word' id='word_1_194' title='bbox 542 2995 716 3054; x_wconf 89' lang='lat' dir='ltr'>quamquo</span> <span class='ocrx_word' id='word_1_195' title='bbox 736 2974 827 3033; x_wconf 91' lang='lat' dir='ltr'>modo</span> <span class='ocrx_word' id='word_1_196' title='bbox 844 2977 1024 3049; x_wconf 61' lang='lat' dir='ltr'>effer-autum</span> <span class='ocrx_word' id='word_1_197' title='bbox 1047 2998 1117 3036; x_wconf 91' lang='lat' dir='ltr'>nam</span> 
     </span>
     <span class='ocr_line' id='line_1_27' title="bbox 106 3072 1118 3152; baseline -0.001 -19"><span class='ocrx_word' id='word_1_198' title='bbox 106 3076 156 3133; x_wconf 86' lang='lat' dir='ltr'>ita</span> <span class='ocrx_word' id='word_1_199' title='bbox 185 3072 329 3152; x_wconf 67' lang='lat' dir='ltr'>quisque,</span> <span class='ocrx_word' id='word_1_200' title='bbox 357 3079 390 3130; x_wconf 94' lang='lat' dir='ltr'>ut</span> <span class='ocrx_word' id='word_1_201' title='bbox 413 3072 510 3142; x_wconf 84' lang='lat' dir='ltr'>audit,</span> <span class='ocrx_word' id='word_1_202' title='bbox 539 3079 704 3132; x_wconf 85' lang='lat' dir='ltr'>movetur:</span> <span class='ocrx_word' id='word_1_203' title='bbox 730 3092 824 3150; x_wconf 84' lang='lat' dir='ltr'>quare</span> <span class='ocrx_word' id='word_1_204' title='bbox 845 3089 947 3151; x_wconf 64' lang='lat' dir='ltr'>‘neque</span> <span class='ocrx_word' id='word_1_205' title='bbox 974 3074 1118 3152; x_wconf 85' lang='lat' dir='ltr'>probatio</span> 
     </span>
     <span class='ocr_line' id='line_1_28' title="bbox 105 3163 1123 3244; baseline 0.002 -18"><span class='ocrx_word' id='word_1_206' title='bbox 105 3167 189 3235; x_wconf 89' lang='lat' dir='ltr'>ulla,</span> <span class='ocrx_word' id='word_1_207' title='bbox 217 3185 285 3244; x_wconf 87' lang='lat' dir='ltr'>quae</span> <span class='ocrx_word' id='word_1_208' title='bbox 315 3163 408 3222; x_wconf 89' lang='lat' dir='ltr'>modo</span> <span class='ocrx_word' id='word_1_209' title='bbox 438 3164 525 3222; x_wconf 86' lang='lat' dir='ltr'>venit</span> <span class='ocrx_word' id='word_1_210' title='bbox 557 3165 594 3222; x_wconf 88' lang='lat' dir='ltr'>ab</span> <span class='ocrx_word' id='word_1_211' title='bbox 623 3172 754 3236; x_wconf 88' lang='lat' dir='ltr'>oratore,</span> <span class='ocrx_word' id='word_1_212' title='bbox 785 3172 846 3223; x_wconf 84' lang='lat' dir='ltr'>tam</span> <span class='ocrx_word' id='word_1_213' title='bbox 877 3166 965 3225; x_wconf 86' lang='lat' dir='ltr'>firma</span> <span class='ocrx_word' id='word_1_214' title='bbox 994 3173 1052 3238; x_wconf 91' lang='lat' dir='ltr'>est,</span> <span class='ocrx_word' id='word_1_215' title='bbox 1089 3176 1123 3229; x_wconf 94' lang='lat' dir='ltr'>ut</span> 
     </span>
     <span class='ocr_line' id='line_1_29' title="bbox 105 3259 1122 3340; baseline 0.003 -20"><span class='ocrx_word' id='word_1_216' title='bbox 105 3283 176 3324; x_wconf 92' lang='lat' dir='ltr'>non</span> <span class='ocrx_word' id='word_1_217' title='bbox 208 3262 317 3340; x_wconf 82' lang='lat' dir='ltr'>perdat</span> <span class='ocrx_word' id='word_1_218' title='bbox 355 3259 434 3318; x_wconf 90' lang='lat' dir='ltr'>vires</span> <span class='ocrx_word' id='word_1_219' title='bbox 470 3281 550 3329; x_wconf 88' lang='lat' dir='ltr'>suas,</span> <span class='ocrx_word' id='word_1_220' title='bbox 588 3261 647 3319; x_wconf 92' lang='lat' dir='ltr'>nisi</span> <span class='ocrx_word' id='word_1_221' title='bbox 688 3261 853 3339; x_wconf 87' lang='lat' dir='ltr'>adjuvatur</span> <span class='ocrx_word' id='word_1_222' title='bbox 896 3264 1122 3323; x_wconf 85' lang='lat' dir='ltr'>asseveratione</span> 
     </span>
     <span class='ocr_line' id='line_1_30' title="bbox 105 3338 1117 3431; baseline 0.002 -17"><span class='ocrx_word' id='word_1_223' title='bbox 105 3354 258 3415; x_wconf 80' lang='lat' dir='ltr'>dicentis</span> <span class='ocrx_word' id='word_1_224' title='bbox 277 3355 414 3412; x_wconf 84' lang='lat' dir='ltr'>Affectus</span> <span class='ocrx_word' id='word_1_225' title='bbox 429 3354 530 3412; x_wconf 93' lang='lat' dir='ltr'>omnis</span> <span class='ocrx_word' id='word_1_226' title='bbox 550 3338 728 3431; x_wconf 83' lang='lat' dir='ltr'>languescat</span> <span class='ocrx_word' id='word_1_227' title='bbox 744 3375 867 3412; x_wconf 87' lang='lat' dir='ltr'>necesse</span> <span class='ocrx_word' id='word_1_228' title='bbox 883 3363 938 3426; x_wconf 86' lang='lat' dir='ltr'>est,</span> <span class='ocrx_word' id='word_1_229' title='bbox 957 3357 1016 3414; x_wconf 91' lang='lat' dir='ltr'>nisi</span> <span class='ocrx_word' id='word_1_230' title='bbox 1029 3378 1117 3427; x_wconf 91' lang='lat' dir='ltr'>voce,</span> 
     </span>
     <span class='ocr_line' id='line_1_31' title="bbox 105 3442 1118 3530; baseline 0.003 -20"><span class='ocrx_word' id='word_1_231' title='bbox 105 3442 215 3524; x_wconf 84' lang='lat' dir='ltr'>vultu,</span> <span class='ocrx_word' id='word_1_232' title='bbox 233 3451 329 3509; x_wconf 91' lang='lat' dir='ltr'>totius</span> <span class='ocrx_word' id='word_1_233' title='bbox 345 3471 441 3530; x_wconf 92' lang='lat' dir='ltr'>prope</span> <span class='ocrx_word' id='word_1_234' title='bbox 462 3450 570 3508; x_wconf 90' lang='lat' dir='ltr'>habitu</span> <span class='ocrx_word' id='word_1_235' title='bbox 593 3451 731 3529; x_wconf 91' lang='lat' dir='ltr'>eorporis</span> <span class='ocrx_word' id='word_1_236' title='bbox 744 3451 926 3510; x_wconf 88' lang='lat' dir='ltr'>inardescat.</span> <span class='ocrx_word' id='word_1_237' title='bbox 945 3452 1023 3511; x_wconf 86' lang='lat' dir='ltr'>Nam</span> <span class='ocrx_word' id='word_1_238' title='bbox 1048 3475 1118 3513; x_wconf 87' lang='lat' dir='ltr'>oum</span> 
     </span>
     <span class='ocr_line' id='line_1_32' title="bbox 106 3538 1116 3620; baseline -0.001 -11"><span class='ocrx_word' id='word_1_239' title='bbox 106 3553 178 3609; x_wconf 84' lang='lat' dir='ltr'>haec</span> <span class='ocrx_word' id='word_1_240' title='bbox 204 3538 307 3607; x_wconf 90' lang='lat' dir='ltr'>omnia</span> <span class='ocrx_word' id='word_1_241' title='bbox 331 3543 507 3620; x_wconf 82' lang='lat' dir='ltr'>fecerimus,</span> <span class='ocrx_word' id='word_1_242' title='bbox 536 3547 641 3606; x_wconf 84' lang='lat' dir='ltr'>felices</span> <span class='ocrx_word' id='word_1_243' title='bbox 670 3554 783 3619; x_wconf 89' lang='lat' dir='ltr'>tamen,</span> <span class='ocrx_word' id='word_1_244' title='bbox 812 3548 837 3604; x_wconf 90' lang='lat' dir='ltr'>si</span> <span class='ocrx_word' id='word_1_245' title='bbox 864 3557 1005 3608; x_wconf 80' lang='lat' dir='ltr'>nostrum</span> <span class='ocrx_word' id='word_1_246' title='bbox 1032 3551 1116 3611; x_wconf 90' lang='lat' dir='ltr'>illum</span> 
     </span>
     <span class='ocr_line' id='line_1_33' title="bbox 106 3643 1118 3726; baseline 0.001 -20"><span class='ocrx_word' id='word_1_247' title='bbox 106 3648 218 3725; x_wconf 85' lang='lat' dir='ltr'>ignem</span> <span class='ocrx_word' id='word_1_248' title='bbox 245 3644 342 3724; x_wconf 82' lang='lat' dir='ltr'>judex</span> <span class='ocrx_word' id='word_1_249' title='bbox 367 3645 559 3724; x_wconf 88' lang='lat' dir='ltr'>conceperit;</span> <span class='ocrx_word' id='word_1_250' title='bbox 586 3643 699 3703; x_wconf 89' lang='lat' dir='ltr'>nedum</span> <span class='ocrx_word' id='word_1_251' title='bbox 729 3665 798 3702; x_wconf 91' lang='lat' dir='ltr'>eum</span> <span class='ocrx_word' id='word_1_252' title='bbox 828 3646 930 3724; x_wconf 90' lang='lat' dir='ltr'>supini</span> <span class='ocrx_word' id='word_1_253' title='bbox 958 3649 1118 3726; x_wconf 89' lang='lat' dir='ltr'>securique</span> 
     </span>
     <span class='ocr_line' id='line_1_34' title="bbox 105 3741 1143 3822; baseline -0.003 -18"><span class='ocrx_word' id='word_1_254' title='bbox 105 3761 305 3814; x_wconf 89' lang='lat' dir='ltr'>moveamus,</span> <span class='ocrx_word' id='word_1_255' title='bbox 323 3761 358 3800; x_wconf 89' lang='lat' dir='ltr'>ac</span> <span class='ocrx_word' id='word_1_256' title='bbox 375 3762 437 3800; x_wconf 90' lang='lat' dir='ltr'>non</span> <span class='ocrx_word' id='word_1_257' title='bbox 452 3742 518 3821; x_wconf 89' lang='lat' dir='ltr'>ipse</span> <span class='ocrx_word' id='word_1_258' title='bbox 536 3747 641 3800; x_wconf 83' lang='lat' dir='ltr'>nostra</span> <span class='ocrx_word' id='word_1_259' title='bbox 655 3741 837 3800; x_wconf 88' lang='lat' dir='ltr'>oscitatione</span> <span class='ocrx_word' id='word_1_260' title='bbox 849 3743 997 3803; x_wconf 89' lang='lat' dir='ltr'>solvatur.</span> <span class='ocrx_word' id='word_1_261' title='bbox 1015 3745 1143 3822; x_wconf 63' lang='lat' dir='ltr'>Docu--3</span> 
     </span>
    </p>
   </div>
   <div class='ocr_carea' id='block_1_6' title="bbox 540 3919 696 3970">
    <p class='ocr_par' dir='ltr' id='par_1_6' title="bbox 540 3919 696 3970">
     <span class='ocr_line' id='line_1_35' title="bbox 540 3919 696 3970; baseline -0.019 1"><span class='ocrx_word' id='word_1_262' title='bbox 540 3919 696 3970; x_wconf 76' lang='lat'><strong>—261—</strong></span> 
     </span>
    </p>
   </div>
   <div class='ocr_carea' id='block_1_7' title="bbox 0 0 1344 4250">
    <p class='ocr_par' dir='ltr' id='par_1_7' title="bbox 0 0 1344 4250">
     <span class='ocr_line' id='line_1_36' title="bbox 0 0 1344 4250; baseline 0 0"><span class='ocrx_word' id='word_1_263' title='bbox 0 0 1344 4250; x_wconf 95' lang='lat' dir='ltr'> </span> 
     </span>
    </p>
   </div>
   <div class='ocr_carea' id='block_1_8' title="bbox 0 3617 2 4250">
    <p class='ocr_par' dir='ltr' id='par_1_8' title="bbox 0 3617 2 4250">
     <span class='ocr_line' id='line_1_37' title="bbox 0 3617 2 4250; baseline 0 0"><span class='ocrx_word' id='word_1_264' title='bbox 0 3617 2 4250; x_wconf 95' lang='lat' dir='ltr'> </span> 
     </span>
    </p>
   </div>
  </div>
 </body>
</html>
