2656 4258
630 203 714 242 unorr
735 185 819 240 rarvd

223 309 273 371 liae
288 319 409 392 emptor
428 313 549 374 utitur:
566 315 613 372 «f
599 312 715 373 familia
734 315 925 396 pecuniaque
940 321 993 374 tua
1005 316 1087 374 endo
1101 315 1230 375 manda-

154 451 160 464 .
224 409 326 478 telam,
350 409 490 482 tutelam,
517 410 769 491 custodelamque
786 433 883 470 meam
889 433 976 492 ,quo
994 420 1055 492 ιιι]
1061 434 1115 471 ure
1135 421 1231 471 testa-

223 515 360 567 mentum
388 507 487 566 facere
513 508 612 586 possis
644 509 814 567 secundum
844 509 940 586 legem
971 433 1135 588 publicam
1170 509 1231 568 hoe

223 623 283 661 aere
295 623 440 683 aeneaque
455 604 543 676 libra,
559 611 624 662 esto
636 605 712 662 mihi
725 615 838 686 empta
858 631 871 660 n
887 605 1006 664 Deinde
1021 627 1081 664 aere
1094 606 1228 685 percutit

222 698 343 772 libram,
363 701 454 782 idque
475 722 515 759 aes
537 701 590 759 dat
608 708 701 760 testat
656 701 759 774 tatori,
782 702 868 761 velut
856 709 959 781 ttpre
962 703 983 760 ii
948 702 1085 762 t.loeo
1108 702 1230 761 Deinde

223 802 316 856 testat
304 803 353 856 tor
368 797 488 858 tabulas
503 798 678 861 testamenti
696 806 804 857 tenens
823 797 866 857 ita
884 799 980 860 dicit:
1000 824 1014 855 ιι
1033 799 1107 858 Haec
1122 800 1174 870 ita,
1194 809 1230 858 ut

223 892 255 951 in
275 893 322 952 his
341 893 453 953 tabulis
472 895 610 974 cerisque
632 895 745 974 scripta
765 902 847 967 sunt,
872 895 914 954 ita
935 895 988 969 do,
1010 895 1051 954 ita
1076 895 1155 974 lege,
1185 896 1228 956 ita

223 996 283 1049 tes
271 997 331 1066 or,
353 989 457 1070 itaque
478 1011 545 1059 vos,
571 991 671 1058 Quiri
674 1012 716 1060 es
747 941 959 1051 testinionium
985 993 1062 1052 mihi
1084 991 1228 1071 perhibe

223 1092 298 1146 tote
323 1087 400 1146 »Et
420 1087 478 1146 hoc
498 1087 611 1147 dieitur
634 1089 839 1167 nuncupati0;
867 1109 1043 1169 nuncupare
1068 1096 1115 1146 est
1143 1089 1227 1148 enim

222 1182 322 1262 palam
339 1184 511 1256 nominare;
527 1191 557 1242 et
570 1205 642 1243 sane
646 1205 744 1266 ,quae
763 1191 892 1243 testator
903 1185 1076 1263 specialiter
1088 1185 1120 1243 in
1135 1183 1228 1244 tabu-

222 1279 259 1338 lis
275 1288 334 1338 test
335 1301 423 1338 amen
426 1281 626 1359 tisoripserit,
639 1302 673 1340 ea
687 1281 808 1340 videtur
822 1281 963 1358 generali
976 1302 1116 1341 sermone
1128 1282 1230 1340 nomi-

222 1396 295 1436 nare
309 1383 401 1457 atque
419 1377 609 1438 confirmare
670 1397 675 1408 ¹

333 1570 413 1628 190.
433 1572 503 1628 Les
522 1571 692 1628 diverses
710 1573 863 1640 espeees
883 1571 1107 1628 theritters

443 1669 498 1748 (De
519 1675 613 1736 variis
636 1675 784 1736 heredum
805 1675 1001 1758 qeneribus.)

156 1839 196 1904 20
262 1832 398 1893 Heredes
416 1841 470 1893 aut
490 1833 651 1893 necessarii
672 1833 828 1908 dicuntur,
852 1843 906 1893 aut
924 1833 972 1892 sui
992 1842 1022 1893 et
1044 1814 1225 1905 necessarii,

222 1938 276 1990 aut
309 1931 456 1990 extranei.
493 1930 688 1990 Necessarius
722 1932 809 1989 heres
847 1952 954 1989 servus
981 1951 1052 1990 eum
1083 1931 1227 1990 libertate

222 2029 339 2088 heres
332 2029 501 2100 institut‚us
519 2027 628 2086 ideo
606 2027 848 2106 sreappellatus,
870 2028 942 2106 quia
964 2028 1029 2086 sive
1051 2027 1136 2100 velit,
1159 2029 1227 2088 sive

221 2221 309 2281 heres
324 2231 379 2280 est.
405 2221 491 2278 Unde
510 2221 563 2300 qui
582 2221 676 2279 facult
664 2229 741 2280 tates
759 2241 828 2279 suas
846 2229 1002 2300 suspectas
1024 2220 1129 2292 habet,
1145 2224 1227 2280 solet

221 2338 343 2376 servum
364 2318 491 2375 liberum
513 2324 543 2375 et
562 2316 704 2376 heredem
720 2317 893 2387 instituere,
911 2325 945 2375 ιιι
948 2317 997 2390 ,si
1017 2317 1227 2376 creditoribus

220 2414 295 2474 satis
312 2435 373 2474 non
391 2414 455 2482 fiat,
472 2422 526 2493 pot
528 2413 575 2472 ius
594 2413 686 2493 hujus
707 2413 829 2472 heredis
843 2434 935 2493 quam
948 2413 1045 2492 ipsius
1065 2416 1227 2473 testatoris

220 2510 302 2570 bona
316 2517 456 2580 veneant,
471 2510 511 2568 id
519 2518 574 2579 est,
590 2518 624 2568 ιιι
640 2510 818 2587 ignominia,
837 2531 906 2590 quae
922 2509 1040 2568 accedit
1058 2531 1095 2569 ex
1112 2511 1221 2570 vendi-

220 2607 304 2666 tione
325 2607 487 2679 bonorum,
503 2607 585 2666 hunc
604 2615 657 2686 pot
659 2607 707 2664 ius
726 2606 884 2664 heredem
886 2627 978 2714 qnam
1000 2607 1101 2685 ipsum
1130 2615 1227 2666 ta-est

220 2713 318 2764 torem
341 2713 414 2764 cont
416 2705 508 2782 ingat.
487 2703 593 2762 tSui
617 2711 719 2762 antem
747 2710 778 2761 et
806 2703 967 2761 necessarii
993 2703 1122 2761 heredes
1151 2713 1229 2763 sunt

220 2802 306 2862 velut
322 2802 403 2860 filius
422 2801 533 2872 filiave,
552 2820 646 2878 nepos
666 2800 805 2879 neptisve
823 2820 860 2857 ex
877 2799 940 2857 filio
945 2799 1111 2879 ,deinceps
1124 2803 1224 2860 ceteri

220 2899 273 2980 qui
304 2899 428 2958 modo
420 2919 452 2956 ιιι
476 2905 628 2977 potestate
658 2895 817 2955 morientis
844 2895 980 2954 suerunt
1010 2897 1063 2954 Sui
1095 2897 1224 2976 quidem

220 2996 347 3055 heredes
363 2995 433 3053 ideo
453 2993 608 3073 appellant
611 3015 655 3064 ur,
675 2993 745 3073 quia
765 2992 894 3052 domest
874 3000 927 3052 ιιοι
920 2993 1073 3051 heredes
1092 3001 1165 3052 sunt
1168 3003 1230 3066 ,et

220 3093 292 3151 vivo
320 3113 443 3172 quoque
469 3097 554 3169 patre
583 3089 809 3168 quodammodo
842 3089 959 3148 domini
990 3089 1220 3152 existimantur.

220 3189 391 3249 Necessarii
406 3208 479 3246 vero
497 3187 565 3244 ideo
581 3186 726 3245 dicuntur
729 3187 822 3267 ,quia
838 3185 1053 3245 omnimodo
1031 3207 1094 3244 sive
1110 3186 1224 3262 velint,

220 3287 284 3344 sive
302 3287 488 3355 nolint,ttam
502 3284 540 3342 ab
553 3283 699 3341 intestato
721 3304 812 3362 quam
830 3304 868 3341 ex
887 3290 1072 3342 testamento
1093 3283 1229 3344 hered‹s

219 3383 308 3443 finnt.
325 3382 384 3440 Sed
400 3381 446 3438 his
462 3387 576 3460 praetor
592 3380 743 3459 permittit
691 3380 837 3438 ttitt'abs
816 3387 912 3438 tmere
932 3401 964 3438 se
982 3379 1020 3438 ab
1036 3380 1225 3455 hereditate,

219 3487 322 3559 uttpo
324 3480 371 3537 ius
387 3485 495 3558 parent
497 3479 521 3536 is
483 3477 618 3535 tbona
638 3483 780 3536 veneant.
800 3476 857 3535 Cet
846 3477 901 3534 teri
922 3477 974 3556 qui
990 3482 1050 3534 test
1052 3477 1168 3536 atoris
1157 3481 1228 3557 Juri

219 3577 349 3656 subjecti
372 3596 434 3633 non
462 3581 543 3647 sunt,
570 3573 706 3631 extranei
730 3572 857 3630 heredes
883 3573 1039 3653 appellari
1041 3594 1089 3634 ur
1113 3574 1230 3656 ltaque

219 3674 306 3732 liberi
333 3693 456 3753 quoque
488 3671 583 3729 nostri
612 3669 664 3778 qui
688 3671 719 3728 in
743 3676 862 3749 potesta
847 3677 1022 3729 atenostra
1046 3691 1109 3729 non
1136 3681 1225 3747 sunt,

219 3771 346 3830 heredes
362 3791 378 3828 3
394 3769 481 3827 uobis
494 3768 617 3825 insti
583 3768 638 3839 uti,
654 3767 733 3826 sicut
746 3774 797 3825 ex
799 3787 883 3824 renel
876 3767 1003 3825 viden
992 3775 1052 3827 t.ur

642 3926 795 3977 -132-

221 2125 309 2199 nolit,
328 2125 506 2183 omnimodo
528 2133 597 2204 post
585 2131 748 2183 tmortem
768 2124 922 2183 testatoris
942 2125 1083 2203 protinus
1101 2125 1229 2183 liberet

1323 2847 1324 2886 ι
