2678 4250
365 179 501 218 .VOYAGES
522 181 556 218 ET
577 165 743 220 CURIOSthiS
763 195 802 208 -·
823 183 858 220 uA
880 183 1034 222 CAMPAGNE

240 290 385 370 Spiritus,
409 297 444 350 ut
464 291 569 350 fractis
592 294 748 373 quondam
772 295 936 374 perinane
957 294 1085 373 flagellis

241 390 326 448 Aura
346 395 461 468 crepat,
485 397 632 470 motoque
654 390 789 450 assibilat
811 411 879 451 aere
900 398 1022 451 ventus.

164 472 192 518 ‘·
242 484 406 544 Exsultant
428 485 495 546 udae
517 507 610 566 super
631 487 716 546 arida
738 508 809 547 saxa
830 487 958 568 rapinae,

239 581 434 663 Luciferiqne
454 592 570 663 pavent
590 584 692 644 letalia
714 585 773 643 teta
795 584 888 645 diei.·

239 677 361 760 Quique
383 680 440 739 sub
462 700 550 740 amne
572 702 628 740 suo
649 682 762 740 mansit
782 681 880 760 vigor,
905 703 974 744 aere
995 689 1101 742 nostro

239 775 349 854 Segnis
370 775 519 837 anhelatis
541 778 637 837 vitam
658 779 813 838 consumit
834 779 865 837 in
888 779 981 840 auris.
1092 784 1093 790 ’

239 871 308 933 Jam
329 873 417 953 piger
436 874 573 934 invalido
595 874 735 935 vibratur
755 895 884 954 corpore
905 876 1042 956 plausus,

239 969 373 1050 Torpida
393 991 554 1050 supremos
574 973 691 1052 patitur
708 972 773 1052 jam
795 971 891 1032 cauda
914 980 1073 1045 tremores,

239 1065 304 1126 Nec
325 1074 439 1127 coeunt
460 1067 556 1127 rictus
579 1087 586 1128 z
610 1067 735 1128 haustas
757 1068 809 1128 sed
831 1069 966 1130 hiatibus
987 1088 1076 1128 auras

240 1151 356 1223 Reddit
377 1154 552 1224 mortiferos
573 1165 730 1245 exspirans
751 1164 898 1225 branchia
919 1167 1020 1227 ssatus.

379 1402 463 1460 241.
483 1403 648 1462 conseils
667 1417 743 1462 aux
761 1404 1023 1474 agricultenrs.

566 1524 631 1606 (Ad
651 1525 833 1608 aqricolas.)

133 1691 174 1755 2‘
240 1682 364 1743 Cassius
399 1683 507 1744 scribit
540 1683 607 1745 haec
629 1703 636 1745 :
662 1685 818 1765 operarios
850 1685 1002 1766 parandos
1032 1705 1109 1760 esse,
1147 1687 1208 1765 qui

198 1779 335 1840 laborem
350 1781 429 1840 ferre
444 1781 575 1861 possint,
594 1803 650 1840 nec
672 1783 805 1840 minores
827 1783 915 1841 annis
936 1783 1046 1861 viginti
1065 1781 1205 1856 duobuS,

199 1882 230 1938 et
245 1876 284 1937 ad
297 1877 514 1957 agriculturam
536 1878 661 1938 dociles.
680 1879 791 1938 Servos
806 1881 858 1960 qui
876 1881 961 1960 operi
980 1880 1107 1960 praesint
1133 1899 1207 1940 esse

198 1981 353 2055 oportere,
383 1976 437 2056 qui
455 1975 566 2035 litteris
591 1982 622 2034 et
643 1975 744 2056 aliqua
766 1976 828 2035 sint
858 1975 1048 2036 humanitate
1076 1975 1203 2051 imbuti,

198 2071 293 2151 frugi,
308 2078 399 2132 aetate
418 2071 535 2152 majore
557 2093 649 2152 quam
669 2073 812 2152 operarii.
835 2073 984 2133 Praeterea
1005 2073 1204 2154 potissimum

199 2187 252 2228 eos
278 2189 408 2250 praeesse
429 2175 563 2248 oportet,
588 2169 640 2249 qui
668 2169 759 2249 periti
785 2169 847 2228 sint
868 2191 970 2229 rerum
1002 2161 1202 2230 rusticarum.

199 2263 270 2324 Non
292 2264 390 2324 solum
412 2265 492 2325 enim
518 2264 628 2324 debere
654 2265 816 2346 imperare,
837 2266 891 2325 sed
913 2267 1004 2326 etiam
1031 2267 1141 2338 iacere,
1164 2277 1203 2326 ut

199 2359 363 2421 facientem
381 2361 551 2436 imitentur,
571 2369 601 2420 et
618 2369 653 2421 ut
676 2362 921 2422 animadvertant
938 2384 1007 2422 eum
1024 2383 1093 2422 curn
1109 2383 1203 2424 causa

199 2457 258 2518 sibi
283 2477 423 2538 praeesse,
450 2457 533 2538 quod
560 2458 687 2518 scientia
711 2467 837 2540 praestet
867 2468 897 2518 et
922 2481 991 2519 usu.
1019 2461 1126 2541 Neque
1154 2459 1201 2518 illi

198 2553 428 2615 concedendum
451 2555 495 2614 ita
516 2555 678 2635 imperare,
701 2562 735 2613 ut
749 2556 929 2615 verberibus
943 2564 1082 2616 coerceat
1095 2557 1202 2637 potius

199 2671 292 2732 quam
310 2650 425 2725 verbis,
448 2652 474 2710 si
489 2651 581 2710 modo
599 2653 679 2710 idem
700 2653 819 2711 efficere
834 2653 942 2732 possis.
960 2653 1125 2712 Praetectos
1138 2653 1202 2713 ala-

199 2747 313 2808 criores
331 2746 511 2808 faciundum
536 2735 670 2828 praemiis
687 2767 694 2822 ;
716 2748 878 2830 dandaque
897 2731 988 2830 opera
1010 2759 1045 2811 ut
1066 2750 1202 2810 habeant

181 2843 365 2926 peculium,
396 2852 428 2905 et
452 2845 635 2924 conjunctas
665 2865 839 2919 conservas,
876 2867 892 2905 e
921 2847 1033 2927 quihus
1066 2846 1198 2907 habeant

199 2941 279 3002 filios
297 2959 305 3003 ε
323 2961 361 3002 eo
374 2941 454 3002 enim
468 2942 546 3000 fiunt
560 2942 710 3000 firmiores
729 2949 761 3001 et
784 2943 1012 3022 conjunctiores
1026 2943 1134 3003 tundo.
1150 2944 1202 3002 Ad

199 3039 402 3119 injiciendum
430 3038 622 3118 voluptatem
649 3038 696 3096 his
720 3039 924 3119 praefecturae,
955 3039 1071 3100 honore
1095 3039 1201 3121 aliquo

198 3135 332 3195 habendi
347 3142 429 3195 sunt.
450 3135 489 3194 Et
507 3136 544 3194 de
566 3135 713 3215 operariis
732 3136 784 3216 qui
803 3136 994 3216 praestabunt
1012 3137 1098 3211 alios,
1116 3157 1203 3198 com·

198 3232 418 3292 municandum
445 3253 568 3313 quoque
592 3253 662 3291 curn
686 3233 722 3301 iis
748 3254 817 3313 quae
842 3233 985 3292 faciunda
1004 3235 1066 3293 sint
1092 3254 1200 3314 opera.

198 3327 289 3396 Quod
311 3329 354 3389 ita
381 3350 450 3388 cum
473 3330 519 3401 fit,
542 3329 645 3387 minus
662 3350 694 3388 se
711 3337 823 3410 putant
842 3328 969 3409 despici,
986 3338 1078 3410 atque
1094 3331 1202 3412 aliquo

199 3446 326 3484 numero
354 3425 458 3485 haberi
476 3447 492 3485 a
515 3425 653 3502 domino,
675 3426 879 3485 Studiosiores
894 3426 932 3485 ad
951 3447 1029 3507 opus
1045 3427 1110 3486 [ieri
1125 3427 1203 3488 tibe-

199 3521 294 3580 ralius
317 3522 488 3594 tractando,
519 3529 573 3581 aut
599 3522 723 3581 cibariis
753 3529 806 3582 aut
834 3523 949 3582 vestitu
983 3524 1122 3603 largiore,
1146 3534 1204 3585 aut

200 3617 380 3677 remissione
394 3618 508 3698 operis,
541 3619 775 3678 concessioneve
801 3627 835 3679 ut
854 3620 1145 3699 peculiarealiquid
1167 3622 1204 3681 in

199 3714 298 3774 fundo
316 3734 440 3795 pascere
455 3713 556 3788 liceat,
574 3723 627 3774 aut
648 3714 862 3795 hujuscemodi
877 3737 978 3776 rerum
994 3717 1071 3777 aliis.

623 3901 777 3953 -168-
