2656 4258
602 167 859 228 CHAPITREV
900 233 902 237 5
931 200 934 218 .

640 295 753 377 (Caput
774 295 813 377 V)

632 537 681 575 Lus
716 537 827 576 FEMMES

596 647 867 730 (DeMulieribus)

232 875 314 935 13⁷.
343 878 422 934 Une
445 878 575 934 femme
604 879 772 946 proteste
803 879 930 935 contre
956 878 1148 950 nomnen,
1169 874 1244 949 'qui

321 964 427 1022 avait
450 963 586 1022 chasse
616 966 659 1022 de
679 967 789 1022 Rome
812 966 869 1023 les
891 967 1139 1036 philosophas.

269 1085 398 1166 (Mulier
413 1085 446 1146 in
459 1085 677 1147 Domitianum
699 1086 857 1147 invehitur
871 1087 929 1169 qui
938 1088 1142 1170 philosophos
1155 1109 1199 1149 ex

588 1181 671 1244 Urbe
686 1183 874 1266 eaepulerat.)

161 1411 216 1467 aa.
230 1403 288 1462 Dic
309 1403 397 1477 mihi,
420 1401 569 1482 Calliope,
593 1403 741 1482 quidnam
762 1412 850 1482 pater
871 1403 921 1462 ille
942 1404 1069 1463 deorum

228 1499 378 1577 Cogitat?
399 1519 437 1557 an
459 1506 556 1558 terras
578 1507 608 1557 et
629 1500 727 1579 patria
749 1499 860 1558 saecula
882 1502 1007 1559 mutat?

227 1595 371 1674 Quasque
393 1595 482 1654 dedit
502 1595 669 1674 quondam,
693 1596 896 1654 morientibus
919 1597 1011 1675 eripit
1032 1599 1137 1656 artes?

228 1692 354 1772 Nosque
371 1692 462 1771 jubet
482 1692 594 1750 tacitos
615 1699 646 1750 et
664 1693 728 1770 jam
750 1692 878 1749 rationis
899 1713 1013 1770 egenos

228 1789 298 1848 Non
320 1789 407 1848 aliter
428 1789 528 1868 primo
550 1809 641 1868 quam
664 1809 734 1847 cum
756 1790 944 1847 surreximus
966 1785 1033 1848 aevo

227 1885 400 1946 Glandibus
423 1893 453 1944 et
474 1905 559 1964 purae
582 1905 686 1943 rursus
708 1886 909 1963 procumbere
930 1885 1091 1964 lymphae?

229 1986 276 2042 An
297 1983 431 2062 reliquas
453 1989 550 2039 terras
571 1989 734 2040 conservat
755 1982 870 2040 amicus
893 1990 922 2040 et
944 1983 1049 2054 urbes,

227 2079 287 2139 Sed
309 2099 405 2157 genus
428 2078 600 2136 Ausonium
622 2076 792 2156 Romaeque
814 2078 958 2136 exturbat
980 2079 1148 2140 alumnos?

226 2176 308 2243 Quid
329 2182 507 2254 reputemus
529 2173 632 2231 enim?
654 2173 724 2234 Duo
746 2181 828 2245 sunt,
853 2174 965 2253 quibus
991 2175 1102 2234 extulit
1123 2175 1250 2254 ingens

227 2273 326 2332 Roma
349 2279 444 2350 caput
467 2290 473 2330 :
496 2271 596 2327 virtus
618 2268 689 2326 belli
712 2278 742 2328 et
763 2270 912 2348 sapientia
935 2271 1028 2349 pacis,

227 2368 288 2426 Sed
309 2369 410 2425 virtus
433 2367 549 2443 agitata
571 2364 653 2422 domi
675 2373 706 2424 et
727 2366 890 2424 socialibus
912 2367 1005 2425 armis

228 2466 263 2522 ln
285 2465 363 2522 freta
387 2463 518 2521 Sicaniae
541 2469 572 2519 et
594 2461 788 2538 Carthaginis
810 2463 884 2520 exiit
905 2483 990 2520 arces

228 2561 402 2639 Ceteraque
424 2557 562 2636 imperia,
586 2565 617 2616 et
638 2564 737 2615 totum
760 2559 850 2616 simul
872 2559 1003 2618 abstulit
1024 2559 1144 2619 orbem.

227 2657 358 2730 Deinde,
381 2655 471 2714 velut
492 2654 592 2713 stadio
614 2654 715 2712 victor
735 2655 788 2733 qui
811 2655 893 2713 solus
915 2655 1035 2713 Achaeo.

227 2756 378 2834 Languet‚
403 2759 433 2810 et
454 2752 581 2811 immota
604 2770 707 2808 secum
729 2751 843 2808 virtute
866 2751 991 2822 fatiscit,

227 2852 279 2912 Sic
301 2850 409 2908 itidem
431 2848 571 2907 Romana
595 2867 702 2904 manus
724 2847 910 2906 contendere
932 2854 1099 2926 postquam

227 2947 356 3008 Destitit
377 2952 408 3004 et
428 2965 535 3024 pacem
557 2943 656 3021 longis
678 2943 812 3001 frenavit
833 2943 970 3013 habeniS,

227 3045 337 3106 Omnia
359 3041 509 3101 bellorum
531 3047 613 3098 terra
636 3039 765 3118 quaesita
787 3040 923 3118 marique

227 3141 357 3203 Praemia
378 3137 506 3198 consilio
529 3144 560 3194 et
581 3135 666 3194 molli
687 3135 805 3193 ratione
827 3136 963 3212 regebat.
1198 3201 1205 3212 1
1266 3203 1270 3210 Ι

227 3241 335 3298 Stabat
355 3237 386 3295 in
415 3235 474 3307 his,
498 3232 702 3312 nequeenim
730 3238 850 3310 poterat
873 3239 1014 3289 constare
1036 3232 1108 3290 sine
1126 3233 1210 3313 ipsis
1239 3259 1249 3300 :

226 3337 290 3393 Aut
311 3336 425 3392 frustra
447 3331 535 3388 uxori
558 3328 752 3406 mendaxque
776 3326 931 3405 Diespiter
952 3328 1024 3386 olim

228 3456 243 3486 «
267 3431 434 3510 Imperium
457 3427 521 3485 sine
543 3424 603 3481 fine
625 3423 695 3481 dedi
719 3449 732 3478 o
757 3423 872 3480 dixisse
894 3425 1055 3502 probatur.
1142 3413 1150 3425 ’

228 3531 318 3588 Nunc
339 3527 434 3606 igitur
455 3523 508 3603 qui
530 3542 578 3580 res
600 3519 755 3578 Romanas
777 3519 909 3599 imperat
930 3521 1020 3588 inter,

228 3627 268 3685 Et
289 3624 391 3684 studia
413 3628 444 3680 et
464 3619 585 3697 sapiens
607 3615 765 3673 hominum
789 3636 961 3696 nomenque
983 3638 1158 3698 genusque,

227 3723 339 3782 Omnia
361 3719 444 3778 abire
465 3716 547 3774 foras
570 3721 661 3791 atque
684 3711 757 3770 urbe
780 3712 925 3770 excedere
944 3713 1058 3792 jussitl

661 3900 796 3950 ..96-
