2656 4258
97 165 165 223 162.
186 168 261 224 Une
285 165 514 222 association
538 166 894 236 d’empoisonneuses
914 165 939 222 a
963 167 1085 221 Rome.

208 286 335 367 (CLXX
355 296 512 348 matronae
532 286 570 348 de
592 287 749 370 veneficiis
771 286 963 366 damnatae.)

125 479 202 539 Cum
229 482 377 560 primores
412 482 547 540 civitatis
589 482 740 541 similibus
771 481 887 540 morbis
915 480 1095 560 eodemque·
1112 479 1151 542 2'

91 574 175 636 ferme
195 598 302 635 omnes
328 587 439 636 eventu
463 588 665 649 morerentur,
689 578 799 638 ancilla
825 577 966 658 quaedam
988 578 1026 635 ad
1046 576 1083 643 Q.

91 671 210 731 Fabium
226 674 398 733 Maximum
411 675 530 734 aedilem
545 676 683 734 curulem
695 675 899 734 indicaturam
913 694 944 732 se
962 693 1084 732 causam

50 829 52 834 ,
91 770 214 846 publicae
226 771 320 850 pestis
338 771 475 850 professa
492 780 548 844 est,
566 773 590 830 si
606 773 644 830 ab
669 792 704 830 eo
728 771 804 830 fides
833 771 892 829 sibi
920 770 1086 830 dataesset

91 863 165 924 haud
179 867 320 926 futurum
336 869 441 926 noxiae'
456 869 615 927 indicium.
643 869 755 928 Fabius
774 867 937 927 confestim
966 885 1030 923 rem
1046 865 1084 923 ad

88 963 234 1032 consules,
251 964 391 1025 consules
407 965 444 1023 ad
460 971 598 1024 senatum
611 965 758 1037 referunt,
775 983 989 1041 consensuque
1002 960 1085 1020 ordi-

91 1058 132 1116 nis
154 1060 229 1118 fides
257 1061 352 1120 indici
383 1061 465 1122 data.
494 1062 571 1119 Turn
597 1062 784 1141 patefactum
811 1053 954 1120 muliebri
979 1057 1087 1117 fraude

88 1155 242 1215 civitatem
258 1158 355 1236 premi
371 1166 586 1238 matronasque
615 1178 649 1218 ea
678 1179 794 1216 venena
820 1176 963 1236 coquere,
991 1162 1032 1224 et,
1060 1155 1085 1213 si

25 1313 26 1334 ἶ
87 1254 168 1332 sequi
181 1254 335 1333 extemplo
351 1255 457 1323 velint,
476 1255 638 1313 manifesto
649 1253 838 1333 deprehendi
855 1272 955 1333 posse.
980 1251 1085 1311 Secuti

25 1349 26 1364 ¹
88 1347 223 1417 indicem,
239 1357 270 1408 et
281 1358 448 1429 coquentes
464 1351 609 1430 quasdam
634 1351 860 1410 medicamenta
884 1356 915 1408 et
929 1347 1084 1437 recondita

25 1497 26 1530 ,
89 1444 142 1504 alia
168 1446 364 1505 invenerunt.
388 1448 505 1514 Quibus
525 1448 555 1505 in
580 1448 679 1506 forum
703 1446 822 1518 delatis,
853 1453 884 1505 et
913 1446 951 1506 ad
976 1443 1086 1522 viginti

25 1551 27 1624 [
90 1543 245 1613 matronis,
266 1544 346 1622 apud
361 1565 435 1624 quas
451 1543 639 1622 deprehensa
654 1550 754 1617 erant,
771 1564 825 1622 per
841 1543 990 1602 viatorem
1007 1540 1085 1600 acci-

86 1637 132 1707 tis,
147 1638 214 1697 duae
229 1660 267 1697 ex
282 1639 324 1697 eis
338 1640 479 1698 Cornelia
495 1661 530 1698 ac
545 1640 660 1717 Sergia,
677 1639 814 1719 patriciae
830 1645 959 1718 utraque
972 1637 1084 1715 gentis,

86 1753 152 1792 cum
165 1755 198 1794 ea
214 1737 441 1796 medicamenta
455 1737 588 1795 salubria
601 1757 633 1795 es
650 1757 666 1795 e
681 1736 914 1808 contenderent,
931 1734 969 1793 ab
977 1733 1051 1793 conf
1072 1768 1087 1778 -

87 1837 166 1890 tante
182 1832 283 1890 indice
295 1832 399 1891 bibere
411 1834 515 1912 jussae,
532 1839 566 1891 ut
581 1853 612 1892 se
631 1832 743 1892 falsum
758 1830 963 1891 commentam
978 1850 1087 1907 argue-

25 1967 26 1972 1
87 1935 163 1996 rent,
201 1928 300 2008 spatio
329 1929 367 1988 ad
393 1929 632 2010 colloquendum
667 1935 803 2008 sumpte,
833 1947 914 1999 cum,
944 1927 1087 1985 submoto

25 2011 26 2014 Ἰ
86 2024 207 2103 populo,
225 2027 256 2083 in
276 2034 444 2104 conspectu
463 2027 601 2084 omnium
613 2045 676 2084 rem
692 2025 729 2084 ad
748 2031 865 2082 ceteras
882 2023 1084 2096 rettulissent,

88 2118 166 2179 haud
186 2121 394 2180 abnuentibus
410 2130 440 2181 et
451 2122 510 2180 illis
528 2122 643 2194 bibere,
661 2129 752 2201 epoto
769 2119 1003 2190 medicament0,
1017 2140 1087 2177 sua-

25 2207 26 2224 *
87 2225 147 2275 met
161 2217 234 2296 ipsae
250 2218 358 2276 frauda
371 2239 477 2277 omnes
491 2219 686 2277 interierunt.
711 2215 948 2295 Compreliensae
969 2221 1086 2274 extem-

89 2313 137 2390 plo
155 2334 259 2372 earum
275 2315 403 2373 comites
418 2336 562 2393 magnum
575 2335 735 2374 numerum
750 2320 959 2372 matronarum
972 2312 1088 2371 indica·
1135 2377 1136 2382 ἵ

89 2418 214 2484 verunt3
228 2411 390 2490 exquibus
405 2411 443 2470 ad
459 2418 581 2470 centum
596 2411 789 2491 septuaginta
802 2409 965 2469 damnatae.

228 2727 310 2787 163.
325 2731 403 2787 Une
424 2730 570 2786 vestale
590 2725 759 2786 enterre'e
780 2729 943 2786 vivente.

274 2849 429 2932 (Vestalis
449 2849 538 2932 virpo
555 2849 614 2910 suh
633 2858 715 2910 terra
739 2857 892 2932 necatur.)

126 3053 201 3112 Cum
243 3053 428 3124 Corneliam,
467 3053 636 3112 Vestalium
675 3053 850 3125 maximam,
888 3053 1085 3114 Domitianus
1110 3059 1149 3122 3Θ

25 3169 26 3204 r
89 3145 229 3210 defodere
258 3151 361 3209 vivam
387 3151 593 3229 concupisset,
622 3156 657 3209 ut
684 3150 737 3228 qui
759 3149 906 3208 illustrari
937 3149 1084 3208 saeculum

25 3247 26 3284 ἕ
89 3263 173 3304 suurn
192 3247 343 3326 ejusmodi
367 3248 514 3326 exemplis
541 3247 752 3321 arbitraretur,
781 3245 939 3304 Pontificis
959 3247 1083 3306 maximi

88 3339 163 3418 jure,
177 3364 230 3402 seu
243 3344 345 3422 potius
360 3343 551 3402 immanitate
571 3343 705 3422 tyranni,
722 3342 846 3402 licentia
871 3342 998 3414 domini,
1016 3343 1084 3401 reli-

90 3456 162 3514 quos
177 3440 336 3518 pontifices
360 3460 422 3498 non
448 3440 479 3497 in
502 3440 642 3516 Regiam,
673 3439 725 3496 sed
753 3439 784 3497 in
807 3438 956 3497 Albanam
979 3439 1083 3499 villam

89 3537 278 3596 convocavit.
295 3537 359 3596 Nec
373 3537 491 3596 minore
508 3536 620 3594 scelere
635 3555 726 3615 quarn
740 3535 822 3614 quod
838 3535 943 3594 ulcisci
958 3535 1083 3595 videba-

89 3633 148 3700 tur,
159 3632 312 3691 absentem
337 3633 569 3712 inauditamque
595 3631 754 3691 damnavit
769 3631 898 3691 incasti:
922 3653 991 3690 cum
1017 3633 1083 3710 ipse

90 3725 187 3808 fratris
209 3729 303 3798 filiam
331 3729 448 3789 incesto
461 3751 523 3788 non
539 3729 700 3807 polluisset
719 3727 829 3800 solum,
857 3747 964 3786 verum
990 3729 1081 3785 etiam

169 3834 209 3873 Vie
218 3835 297 3885 priate
307 3826 345 3875 des
359 3833 476 3876 Romame.
990 3835 1002 3872 8

507 3915 654 3972 -na-.
715 3907 717 3912 '
