2682 4258
311 165 444 214 territus.
466 179 507 190 ·····
526 167 669 207 seleucus
692 181 732 192 -··
752 169 891 207 SAVANTS.
914 181 955 192 ·-
976 167 1167 206 PHlLOSOPllES

239 275 303 335 mei
319 275 465 337 viderint.
488 278 569 357 Opto
591 279 733 358 equidem
750 267 867 339 ¹amicos
886 279 943 338 tibi
961 287 1025 339 tam
1043 279 1160 348 fideles,
1177 286 1245 339 tarn

238 372 388 446 eruditos,
411 383 473 434 tam
494 375 674 448 laboriosoS,
695 383 729 434 ut
753 383 873 435 tantum
896 397 978 436 curae
997 375 1247 455 intentionisque

239 471 394 550 suscipere
419 479 450 530 et
473 472 592 552 possint
613 479 644 531 et
668 471 781 543 velint;
804 471 857 533 sed
879 471 996 553 dispice
1018 493 1056 532 ne
1073 470 1114 531 sit
1131 492 1246 552 parum

239 567 406 646 providum
419 589 540 648 sperare
560 590 597 627 ex
613 569 681 627 aliis
698 569 783 648 quod
804 568 861 628 tibi
881 569 947 649 ipse
966 590 1027 628 non
1045 576 1186 650 praestes
1205 569 1247 626 Et

238 661 278 722 de
294 663 429 724 editione
449 665 573 746 quidem
595 665 731 739 interim,
749 674 783 724 ut
796 666 893 725 voles.
916 665 1024 726 Recita
1043 665 1161 739 saltem,
1180 685 1248 746 quo

240 761 337 839 magis
357 761 450 820 libeat
473 763 624 836 emittere,
647 770 743 841 utque
767 763 892 822 tandem
912 764 1063 843 percipias
1081 762 1247 841 gaudium,

240 857 324 936 quod
337 879 393 936 ego
408 859 481 918 olim
495 867 593 940 prote
606 880 667 918 non
680 866 793 918 temere
807 879 972 940 praesumo.
990 859 1146 937 Imaginor
1160 859 1249 917 euim

240 954 294 1032 qui
309 975 489 1028 concursus,
505 976 575 1035 quse
591 956 753 1016 admiratio
772 963 814 1031 te,
829 956 883 1037 qui
904 956 1030 1030 clamor,
1047 954 1130 1036 quod
1149 955 1249 1014 etiarn

241 1050 397 1111 silentium
412 1060 546 1113 maneat.

288 1229 374 1286 400.
395 1227 495 1302 Pltne
515 1229 670 1286 exhorte
691 1228 748 1288 les
766 1230 963 1287 habitants
979 1231 1027 1286 vde
1046 1228 1151 1288 come
1171 1227 1198 1286 ὲ,

396 1317 527 1374 fonder
545 1329 615 1373 une
634 1315 839 1374 universlte'
858 1317 1088 1386 municipale.

241 1420 382 1503 (Plinius
403 1419 567 1482 Comenses
590 1421 734 1482 hortatur
758 1428 790 1482 ut
807 1421 870 1504 ipsi
888 1421 1009 1482 scholas
1023 1419 1056 1481 in
1073 1419 1251 1503 municipio

624 1539 679 1578 suo
701 1517 861 1600 condant.)

176 1654 218 1718 2⁰
285 1656 524 1715 «Vehementer
544 1656 673 1715 interest
695 1662 807 1731 vestra,
832 1656 884 1735 qui
906 1664 1009 1736 patres
1028 1655 1112 1728 estis,
1132 1655 1252 1714 liberos

243 1761 363 1812 vestros
383 1751 432 1812 hic
451 1753 645 1832 potissimum
665 1752 793 1811 discere.
819 1752 878 1811 Ubi
901 1753 982 1812 enim
1006 1761 1059 1812 aut
1076 1751 1253 1831 jucundius

244 1850 449 1909 morabuntur
465 1870 556 1929 quam
577 1850 609 1907 in
631 1849 754 1929 patria?
769 1856 822 1908 aut
842 1849 984 1928 pudicius
1002 1849 1251 1908 continebuntur

243 1967 336 2028 quam
362 1946 419 2005 sub
448 1945 545 2004 oculis
571 1947 763 2024 parentum?
788 1954 841 2005 aut
865 1946 983 2005 minore
1005 1952 1131 2025 sumptu
1154 1965 1250 2026 quarn
1332 1967 1333 2026 ᾗ

244 2043 351 2103 dorni?
382 2042 571 2110 Quantulum
602 2050 648 2100 est
677 2063 749 2122 ergo
780 2042 892 2102 collata
917 2043 1046 2122 pecunia
1075 2042 1252 2102 conducere

244 2147 460 2221 praeceptores,
485 2139 630 2218 quodque
650 2140 776 2199 nuncin
793 2140 1010 2211 habitationes,
1029 2140 1059 2198 in
1074 2139 1198 2211 viatica,
1218 2139 1251 2196 in

245 2258 281 2297 ea
295 2258 365 2318 quae
379 2256 507 2316 peregre
522 2243 666 2295 emuntur
678 2236 867 2316 impenditis,
885 2236 1017 2315 adjicere
1032 2235 1252 2294 mercedibus?

245 2337 348 2415 Atque
365 2334 442 2392 adeo
459 2353 527 2410 ego,
542 2332 595 2411 qui
620 2333 757 2392 nondum
775 2332 887 2392 liberos
906 2333 1016 2406 habeo,
1036 2340 1163 2412 paratus
1180 2353 1250 2391 sum

245 2451 301 2512 pro
323 2429 481 2510 republica
506 2437 621 2503 nostra,
644 2430 733 2509 quasi
747 2431 878 2510 profilia
900 2429 948 2488 vel
967 2437 1102 2510 parente,
1125 2429 1251 2488 tertiam

245 2535 364 2610 partem
385 2527 464 2606 ejus,
489 2526 573 2606 quod
592 2526 732 2586 conferre
755 2526 843 2586 vobis
860 2526 1005 2607 placebit,
1028 2526 1112 2586 dare.
1135 2525 1251 2585 Totum
1331 2601 1332 2610 ἵ

177 2681 178 2686 ,
245 2626 337 2684 etiam
373 2624 547 2705 pollicerer,
577 2623 637 2682 nisi
662 2624 801 2682 timerem
836 2645 874 2682 ne
904 2623 963 2682 hoc
997 2643 1110 2681 munus
1145 2642 1247 2681 meum
1331 2669 1332 2690 ,

245 2722 431 2803 quandoque
451 2721 568 2780 ambitu
594 2729 853 2800 corrumperetur,
877 2727 911 2780 ut
930 2721 1067 2779 accidere
1088 2719 1192 2778 multis
1218 2719 1250 2776 in

246 2820 321 2879 locis
343 2818 444 2891 vide0,
467 2816 629 2896 inquibus
650 2826 855 2896 praeceptores
875 2817 997 2897 publice
1019 2815 1248 2876 conducuntur.

248 2917 330 2976 Huic
343 2916 421 2975 vitio
437 2913 557 2972 occurri
580 2933 641 2972 uno
660 2913 797 2976 remedio
812 2922 925 2992 potest,
941 2915 966 2972 si
982 2913 1162 2992 parentibus
1175 2912 1251 2970 solis

244 3014 297 3095 jus
311 3010 505 3072 conducendi
525 3009 727 3088 relinquatur,
749 3011 919 3091 iisdemque
941 3011 1048 3088 religio
1070 3017 1153 3067 recte
1167 3008 1252 3088 judi—

247 3110 338 3170 candi
354 3108 534 3169 necessitate
549 3106 722 3166 collationis
736 3107 877 3166 addatur.
896 3107 973 3166 Nam
993 3107 1046 3186 qui
1066 3106 1197 3165 fortasse
1212 3106 1252 3163 de
1330 3139 1331 3150 2

247 3207 347 3268 alieno
358 3206 565 3288 neglegentes,
576 3211 657 3262 certe
668 3203 705 3262 de
716 3225 772 3262 suo
783 3205 944 3282 diligentes
956 3211 1057 3276 erunt,
1070 3202 1252 3281 dabuntque

247 3324 371 3383 operam
398 3323 436 3361 ne
465 3323 481 3360 a
506 3322 554 3360 me
581 3301 743 3381 pecuniam
767 3301 889 3359 nonnisi
915 3301 1026 3379 dignus
1052 3298 1194 3378 accipiat,
1226 3300 1252 3358 si

247 3408 430 3480 accepturus
443 3407 474 3457 et
485 3398 523 3457 ab
539 3399 614 3478 ipsis
632 3398 700 3458 erit.
712 3397 848 3456 Proinde
861 3390 1044 3469 consentite,
1061 3395 1250 3475 conspirate.
1330 3397 1331 3425 ³

248 3496 331 3556 Nihil
361 3495 521 3554 honestius
558 3502 704 3575 praestare
732 3494 836 3553 liberis
871 3493 992 3567 vestriS,
1024 3492 1101 3550 nihil
1132 3493 1252 3569 gratius
1283 3555 1292 3572 ,

247 3594 354 3675 patriae
377 3593 517 3673 potestis
543 3591 738 3650 Edoceantur
759 3592 808 3650 hic
832 3591 886 3670 qui
910 3589 959 3667 hic
983 3597 1163 3661 nascuntur,
1191 3597 1254 3649 sta-

247 3691 365 3770 timque
385 3689 423 3748 ab
445 3689 574 3748 infantia
596 3690 695 3748 natale
713 3688 812 3748 solum
831 3708 945 3762 amare,
961 3687 1157 3768 frequentare
1173 3706 1251 3745 con·

248 3791 403 3845 suescant.
423 3810 452 3840 »¹

669 3921 704 3930 -
722 3892 773 3944 288
793 3921 829 3930 -
926 3893 929 3900 '
