2678 4250
321 148 466 186 Luxebus
487 147 658 199 naamam,
672 148 716 186 UE
738 149 773 186 ta
794 148 895 196 Tm,
916 148 953 184 DE
974 148 1009 186 La
1031 143 1143 186 PARURE

234 265 438 340 praeterquam
452 260 476 318 si
490 259 583 318 nimio
594 258 703 318 ardore
715 259 856 337 flagrent.
874 259 998 317 Summa
1012 257 1078 317 laus
1094 258 1239 317 Falernis

234 376 251 414 a
275 355 340 414 vini
370 354 472 414 colore
500 355 600 424 dictis,
630 355 715 414 molli
747 355 866 432 fulgore
894 355 1075 434 perspicuis,
1103 340 1239 414 Taxatio

233 452 264 510 in
280 451 398 512 deliciis
411 460 507 526 tanta,
525 460 559 511 ut
575 453 709 511 hominis
731 454 871 532 quamvis
894 473 988 531 parva
1010 452 1125 529 effigies
1143 451 1240 510 vivo·

233 569 300 608 rum
327 550 486 609 hominum
510 549 743 628 vigentiumque
763 549 861 628 pretia
883 555 1029 628 superet:
1051 569 1179 628 prorsus
1201 555 1241 608 ut

234 645 394 722 castigatio
414 667 474 704 una
495 667 556 705 non
574 645 615 704 sit
633 645 719 705 satis.
738 645 771 704 ln
788 644 958 704 Corinthiis
978 666 1018 704 aes
1037 645 1138 725 placet
1157 666 1242 704 auro

234 750 423 822 argentoque
434 743 574 814 mixtum,
588 743 619 800 in
631 742 745 802 caelatis
754 763 802 800 ars
813 749 844 800 et
854 742 987 820 ingenia.
999 741 1240 802 Murrhinorum

233 845 264 897 et
279 839 525 918 crystallinorum
548 839 681 897 diximus
701 839 852 917 gratiam:
875 839 1013 909 uniones,
1032 839 1116 918 quod
1133 839 1244 918 capite

233 934 503 1010 circumferuntur,
520 956 648 1013 gemmae
668 935 772 1013 digitis
789 953 795 994 :
813 935 844 994 in
862 934 1003 994 omnibus
1019 934 1150 1016 denique
1165 935 1243 994 aliis

233 1032 318 1091 vitiis
344 1033 508 1091 ostentatio
537 1039 591 1091 aut
616 1053 689 1091 usus
715 1031 830 1113 placet;
855 1031 887 1090 in
913 1031 1029 1090 sucinis
1055 1031 1243 1091 deliciarum

235 1136 354 1188 tantum
371 1129 570 1190 conscientia.

235 1413 320 1471 283.
340 1413 488 1468 Hausse
503 1413 551 1468 du
565 1411 650 1482 prix
663 1413 730 1468 des
744 1408 954 1482 propriete's
970 1424 1058 1469 sous
1078 1411 1239 1481 Tralan.

236 1533 371 1616 (Quanto
396 1533 517 1594 cariora
537 1534 659 1615 suerint
675 1533 819 1616 praedia,
848 1533 986 1616 Trajano
1009 1532 1239 1615 imperitante.)

169 1750 208 1816 2·
274 1745 339 1806 Scis
355 1751 390 1805 tu
412 1746 574 1806 accessisse
591 1746 723 1826 pretium
744 1746 835 1824 agris
852 1745 1007 1826 praecipue
1026 1745 1244 1806 suburbanis?

235 1844 335 1903 Causa
365 1843 472 1902 subitae
498 1843 644 1911 caritatis,
674 1864 722 1902 res
750 1842 854 1901 multis
874 1843 988 1920 agitata
1016 1842 1241 1903 sermonibus:

234 1940 383 2021 proximis
403 1939 533 1998 comitiis
552 1939 783 1998 honestissimas
808 1959 899 1998 voces
930 1946 1055 1998 senatus
1082 1942 1241 2018 expressit
1332 1961 1333 1964 ¹

236 2061 251 2093 a
263 2037 419 2096 candidati
428 2058 464 2094 ne
477 2035 692 2108 conviventur,
706 2057 743 2094 ne
756 2033 1028 2108 mittantmunera‚
1040 2055 1078 2093 ne
1087 2038 1243 2114 pecunias

235 2134 401 2213 deponant.
416 2158 430 2188 u
450 2133 494 2191 Ex
509 2133 620 2214 quibus
638 2133 699 2193 duo
708 2133 811 2212 priora
824 2140 887 2192 tam
905 2140 1010 2212 aperte
1020 2153 1112 2211 quam
1125 2131 1242 2192 immo·

235 2231 301 2290 dice
324 2230 456 2302 fiebant;
482 2230 540 2288 hoc
560 2231 696 2302 tertium,
721 2250 907 2310 quamquam
934 2229 1152 2300 occultaretur,
1179 2251 1244 2308 pro
1331 2225 1332 2298 l

234 2334 393 2406 comperto
417 2326 597 2385 habebatur.
620 2326 783 2385 Homullus
801 2325 912 2384 deinde
936 2333 1051 2397 noster,
1071 2324 1245 2403 vigilanter

235 2443 308 2482 usus
335 2423 394 2482 hoc
410 2444 561 2484 consensu
581 2430 716 2494 senatus,
736 2423 897 2482 sententiae
917 2422 985 2482 loco
1006 2421 1175 2502 postulavit
1205 2433 1244 2482 ut

235 2519 376 2580 consules
391 2519 575 2579 desiderium
587 2521 801 2578 universorum
817 2526 924 2594 notum
938 2519 1071 2599 principi
1087 2519 1239 2590 facerent,

235 2623 446 2698 peterentque,
461 2617 541 2675 sicut
555 2616 622 2675 aliis
639 2617 734 2689 vitiis,
747 2616 818 2674 huic
833 2636 957 2696 quoque
970 2615 1166 2695 providentia
1181 2635 1241 2676 sua
1330 2677 1331 2684 ,

235 2722 419 2774 occurreret.
444 2713 594 2773 Occurrit.
616 2713 694 2772 Nam
716 2719 857 2793 sumptus
875 2712 1121 2785 candidatorum,
1135 2712 1243 2773 foedos

235 2811 304 2870 illos
321 2819 352 2870 et
364 2811 503 2881 infames,
524 2810 657 2868 ambitus
674 2809 739 2887 lege
757 2810 930 2878 restrinxit3
948 2809 1071 2868 eosdem
1088 2809 1240 2888 patrimo·

235 2909 279 2968 nii
295 2908 415 2968 tertiam
431 2915 549 2986 partem
562 2906 702 2965 conterre
717 2906 811 2986 jussit
825 2906 855 2964 in
874 2927 909 2966 ea
928 2928 997 2986 quae
1015 2907 1081 2964 solo
1096 2907 1242 2966 contine·

235 3013 353 3078 rentur,
380 3004 516 3062 deforme
542 3003 716 3072 arbitratus,
744 3010 778 3062 ut
795 3009 871 3074 erat,
899 3003 1046 3061 honorem
1072 3001 1239 3082 petituros
1329 3053 1330 3080 ,

235 3103 340 3163 urbem
367 3101 547 3181 Italiamque
572 3121 632 3158 non
653 3121 709 3179 pro
732 3098 840 3179 patria,
862 3099 915 3158 sed
942 3120 998 3179 pro
1023 3098 1161 3179 hospitio
1184 3109 1240 3160 aut

235 3200 367 3271 stabulo,
384 3198 471 3279 quasi
483 3199 724 3276 peregrinantes,
736 3196 859 3255 habere.
878 3197 1073 3255 Concursant
1083 3218 1157 3275 ergo
1168 3217 1241 3257 can·

235 3300 331 3360 didati
357 3319 364 3361 :
388 3298 709 3379 certatim,quidquid
739 3297 847 3356 venale
879 3298 1020 3369 audiunt,
1057 3299 1238 3377 emptitant,

236 3418 359 3478 quoque
371 3397 433 3456 sint
448 3396 535 3476 plura
550 3395 669 3453 venalia
680 3396 828 3455 efficiunt.
844 3395 988 3465 Proinde,
1006 3394 1031 3452 si
1050 3395 1190 3473 paenitet
1207 3404 1239 3455 te

237 3493 413 3553 italicorum
429 3493 627 3572 praediorum,
645 3491 703 3552 hoc
717 3490 871 3550 vendendi
884 3498 1016 3571 tempus,
1033 3498 1096 3550 tam
1111 3492 1237 3552 hercule

236 3611 327 3672 quam
343 3589 375 3648 in
392 3589 559 3669 provinciis
575 3587 783 3668 comparandi,
801 3586 874 3647 dum
890 3588 981 3647 iidem
999 3587 1156 3648 candidati
1175 3589 1240 3650 illic

237 3686 388 3759 vendunt,
402 3693 436 3744 ut
446 3685 496 3744 hic
508 3692 619 3750 emant.

659 3873 810 3926 -198-
