<?xml version="1.0" encoding="UTF-8"?>
<!DOCTYPE html PUBLIC "-//W3C//DTD XHTML 1.0 Transitional//EN"
    "http://www.w3.org/TR/xhtml1/DTD/xhtml1-transitional.dtd">
<html xmlns="http://www.w3.org/1999/xhtml" xml:lang="en" lang="en">
 <head>
  <title>
</title>
<meta http-equiv="Content-Type" content="text/html;charset=utf-8" />
  <meta name='ocr-system' content='tesseract 3.04.00' />
  <meta name='ocr-capabilities' content='ocr_page ocr_carea ocr_par ocr_line ocrx_word'/>
</head>
<body>
  <div class='ocr_page' id='page_1' title='image "./depublicaprivat00arnagoog_0406.png"; bbox 0 0 2682 4258; ppageno 0'>
   <div class='ocr_carea' id='block_1_1' title="bbox 177 178 1069 324">
    <p class='ocr_par' dir='ltr' id='par_1_1' title="bbox 177 178 1069 324">
     <span class='ocr_line' id='line_1_1' title="bbox 177 178 1069 265; baseline -0.001 -30"><span class='ocrx_word' id='word_1_1' title='bbox 177 180 264 236; x_wconf 79' lang='lat'>474.</span> <span class='ocrx_word' id='word_1_2' title='bbox 283 180 394 265; x_wconf 79' lang='lat' dir='ltr'><strong>Onne</strong></span> <span class='ocrx_word' id='word_1_3' title='bbox 409 180 487 237; x_wconf 84' lang='lat' dir='ltr'><strong>doit</strong></span> <span class='ocrx_word' id='word_1_4' title='bbox 499 193 540 236; x_wconf 86' lang='lat' dir='ltr'><strong>se</strong></span> <span class='ocrx_word' id='word_1_5' title='bbox 557 179 720 250; x_wconf 78' lang='lat' dir='ltr'><strong>glorlfler</strong></span> <span class='ocrx_word' id='word_1_6' title='bbox 734 193 803 249; x_wconf 87' lang='lat' dir='ltr'><strong>que</strong></span> <span class='ocrx_word' id='word_1_7' title='bbox 818 181 862 236; x_wconf 83' lang='lat' dir='ltr'><strong>de</strong></span> <span class='ocrx_word' id='word_1_8' title='bbox 877 191 919 236; x_wconf 87' lang='lat' dir='ltr'><strong>ce</strong></span> <span class='ocrx_word' id='word_1_9' title='bbox 934 178 995 248; x_wconf 83' lang='lat' dir='ltr'><strong>qui</strong></span> <span class='ocrx_word' id='word_1_10' title='bbox 1009 179 1069 237; x_wconf 80' lang='lat' dir='ltr'><strong>est</strong></span> 
     </span>
     <span class='ocr_line' id='line_1_2' title="bbox 581 268 668 324; baseline -0.046 0"><span class='ocrx_word' id='word_1_11' title='bbox 581 268 668 324; x_wconf 84' lang='lat' dir='ltr'><strong>sien.</strong></span> 
     </span>
    </p>
   </div>
   <div class='ocr_carea' id='block_1_2' title="bbox 342 370 957 456">
    <p class='ocr_par' dir='ltr' id='par_1_2' title="bbox 342 370 957 456">
     <span class='ocr_line' id='line_1_3' title="bbox 342 370 957 456; baseline 0 -24"><span class='ocrx_word' id='word_1_12' title='bbox 342 370 455 454; x_wconf 84' lang='lat' dir='ltr'><strong>(Nemo</strong></span> <span class='ocrx_word' id='word_1_13' title='bbox 475 371 613 456; x_wconf 64' lang='lat' dir='ltr'><strong>gloriari</strong></span> <span class='ocrx_word' id='word_1_14' title='bbox 633 371 696 432; x_wconf 80' lang='lat' dir='ltr'><strong>nisi</strong></span> <span class='ocrx_word' id='word_1_15' title='bbox 715 393 770 432; x_wconf 78' lang='lat' dir='ltr'><strong>suo</strong></span> <span class='ocrx_word' id='word_1_16' title='bbox 791 371 903 453; x_wconf 81' lang='lat' dir='ltr'><strong>debet.)</strong></span> <span class='ocrx_word' id='word_1_17' title='bbox 949 381 957 399; x_wconf 86' lang='lat'>&#39;</span> 
     </span>
    </p>
   </div>
   <div class='ocr_carea' id='block_1_3' title="bbox 120 489 1191 1269">
    <p class='ocr_par' dir='ltr' id='par_1_3' title="bbox 120 489 1191 1269">
     <span class='ocr_line' id='line_1_4' title="bbox 163 489 1191 593; baseline -0.003 -22"><span class='ocrx_word' id='word_1_18' title='bbox 163 511 244 579; x_wconf 90' lang='lat' dir='ltr'><strong>Quid</strong></span> <span class='ocrx_word' id='word_1_19' title='bbox 257 520 304 572; x_wconf 92' lang='lat' dir='ltr'><strong>est</strong></span> <span class='ocrx_word' id='word_1_20' title='bbox 318 513 441 590; x_wconf 80' lang='lat' dir='ltr'><strong>stultius</strong></span> <span class='ocrx_word' id='word_1_21' title='bbox 458 534 549 593; x_wconf 91' lang='lat' dir='ltr'><strong>quam</strong></span> <span class='ocrx_word' id='word_1_22' title='bbox 570 513 601 571; x_wconf 92' lang='lat' dir='ltr'><strong>in</strong></span> <span class='ocrx_word' id='word_1_23' title='bbox 624 513 748 572; x_wconf 90' lang='lat' dir='ltr'><strong>homine</strong></span> <span class='ocrx_word' id='word_1_24' title='bbox 762 513 858 572; x_wconf 88' lang='lat' dir='ltr'><strong>aliena</strong></span> <span class='ocrx_word' id='word_1_25' title='bbox 876 512 1026 571; x_wconf 81' lang='lat' dir='ltr'><strong>laudare?</strong></span> <span class='ocrx_word' id='word_1_26' title='bbox 1041 509 1122 578; x_wconf 87' lang='lat' dir='ltr'><strong>Quid</strong></span> <span class='ocrx_word' id='word_1_27' title='bbox 1148 489 1191 553; x_wconf 47' lang='grc' dir='ltr'><strong>θ’</strong></span> 
     </span>
     <span class='ocr_line' id='line_1_5' title="bbox 122 607 1121 691; baseline -0.002 -25"><span class='ocrx_word' id='word_1_28' title='bbox 122 628 161 666; x_wconf 90' lang='lat' dir='ltr'><strong>eo</strong></span> <span class='ocrx_word' id='word_1_29' title='bbox 181 609 365 682; x_wconf 83' lang='lat' dir='ltr'><strong>dementius,</strong></span> <span class='ocrx_word' id='word_1_30' title='bbox 390 610 442 691; x_wconf 92' lang='lat' dir='ltr'><strong>qui</strong></span> <span class='ocrx_word' id='word_1_31' title='bbox 475 631 509 669; x_wconf 91' lang='lat' dir='ltr'><strong>ea</strong></span> <span class='ocrx_word' id='word_1_32' title='bbox 534 610 663 669; x_wconf 91' lang='lat' dir='ltr'><strong>miratur</strong></span> <span class='ocrx_word' id='word_1_33' title='bbox 688 630 765 689; x_wconf 91' lang='lat' dir='ltr'><strong>quae</strong></span> <span class='ocrx_word' id='word_1_34' title='bbox 789 609 827 668; x_wconf 94' lang='lat' dir='ltr'><strong>ad</strong></span> <span class='ocrx_word' id='word_1_35' title='bbox 848 610 942 669; x_wconf 91' lang='lat' dir='ltr'><strong>alium</strong></span> <span class='ocrx_word' id='word_1_36' title='bbox 963 607 1121 667; x_wconf 80' lang='lat' dir='ltr'><strong>transferri</strong></span> 
     </span>
     <span class='ocr_line' id='line_1_6' title="bbox 124 703 1184 790; baseline -0.001 -28"><span class='ocrx_word' id='word_1_37' title='bbox 124 705 265 783; x_wconf 90' lang='lat' dir='ltr'><strong>protinus</strong></span> <span class='ocrx_word' id='word_1_38' title='bbox 275 708 428 785; x_wconf 83' lang='lat' dir='ltr'><strong>possunt?</strong></span> <span class='ocrx_word' id='word_1_39' title='bbox 439 707 508 766; x_wconf 93' lang='lat' dir='ltr'><strong>Non</strong></span> <span class='ocrx_word' id='word_1_40' title='bbox 517 707 632 764; x_wconf 87' lang='lat' dir='ltr'><strong>faciunt</strong></span> <span class='ocrx_word' id='word_1_41' title='bbox 645 707 803 766; x_wconf 88' lang='lat' dir='ltr'><strong>meliorem</strong></span> <span class='ocrx_word' id='word_1_42' title='bbox 814 727 926 790; x_wconf 87' lang='lat' dir='ltr'><strong>equum</strong></span> <span class='ocrx_word' id='word_1_43' title='bbox 938 705 1020 764; x_wconf 88' lang='lat' dir='ltr'><strong>aurei</strong></span> <span class='ocrx_word' id='word_1_44' title='bbox 1030 703 1120 763; x_wconf 89' lang='lat' dir='ltr'><strong>freni.</strong></span> <span class='ocrx_word' id='word_1_45' title='bbox 1175 748 1184 772; x_wconf 85' lang='grc'>,</span> 
     </span>
     <span class='ocr_line' id='line_1_7' title="bbox 123 799 1122 881; baseline 0 -22"><span class='ocrx_word' id='word_1_46' title='bbox 123 801 223 860; x_wconf 79' lang='lat' dir='ltr'><strong>Aliter</strong></span> <span class='ocrx_word' id='word_1_47' title='bbox 240 802 288 860; x_wconf 90' lang='lat' dir='ltr'><strong>leo</strong></span> <span class='ocrx_word' id='word_1_48' title='bbox 310 810 416 862; x_wconf 90' lang='lat' dir='ltr'><strong>aurata</strong></span> <span class='ocrx_word' id='word_1_49' title='bbox 436 803 513 881; x_wconf 88' lang='lat' dir='ltr'><strong>juba</strong></span> <span class='ocrx_word' id='word_1_50' title='bbox 537 803 681 876; x_wconf 78' lang='lat' dir='ltr'><strong>mittitur,</strong></span> <span class='ocrx_word' id='word_1_51' title='bbox 705 804 779 862; x_wconf 92' lang='lat' dir='ltr'><strong>dum</strong></span> <span class='ocrx_word' id='word_1_52' title='bbox 803 808 1013 861; x_wconf 75' lang='lat' dir='ltr'><strong>contractatur</strong></span> <span class='ocrx_word' id='word_1_53' title='bbox 1034 799 1122 860; x_wconf 84' lang='lat' dir='ltr'><strong>etad</strong></span> 
     </span>
     <span class='ocr_line' id='line_1_8' title="bbox 123 897 1125 978; baseline -0.002 -22"><span class='ocrx_word' id='word_1_54' title='bbox 123 898 302 976; x_wconf 85' lang='lat' dir='ltr'><strong>patientiam</strong></span> <span class='ocrx_word' id='word_1_55' title='bbox 325 898 492 978; x_wconf 91' lang='lat' dir='ltr'><strong>recipiendi</strong></span> <span class='ocrx_word' id='word_1_56' title='bbox 514 900 686 961; x_wconf 86' lang='lat' dir='ltr'><strong>ornamenti</strong></span> <span class='ocrx_word' id='word_1_57' title='bbox 711 901 832 978; x_wconf 86' lang='lat' dir='ltr'><strong>cogitur</strong></span> <span class='ocrx_word' id='word_1_58' title='bbox 853 899 1009 977; x_wconf 82' lang='lat' dir='ltr'><strong>fatigatus,</strong></span> <span class='ocrx_word' id='word_1_59' title='bbox 1033 897 1125 957; x_wconf 91' lang='lat' dir='ltr'><strong>aliter</strong></span> 
     </span>
     <span class='ocr_line' id='line_1_9' title="bbox 122 992 1121 1074; baseline 0.001 -24"><span class='ocrx_word' id='word_1_60' title='bbox 122 994 270 1067; x_wconf 86' lang='lat' dir='ltr'><strong>incultus,</strong></span> <span class='ocrx_word' id='word_1_61' title='bbox 284 995 395 1073; x_wconf 86' lang='lat' dir='ltr'><strong>integri</strong></span> <span class='ocrx_word' id='word_1_62' title='bbox 407 997 555 1074; x_wconf 89' lang='lat' dir='ltr'><strong>spiritus:</strong></span> <span class='ocrx_word' id='word_1_63' title='bbox 572 996 622 1055; x_wconf 90' lang='lat' dir='ltr'><strong>hic</strong></span> <span class='ocrx_word' id='word_1_64' title='bbox 638 996 757 1068; x_wconf 76' lang='lat' dir='ltr'><strong>scilicet</strong></span> <span class='ocrx_word' id='word_1_65' title='bbox 772 995 889 1074; x_wconf 90' lang='lat' dir='ltr'><strong>impetu</strong></span> <span class='ocrx_word' id='word_1_66' title='bbox 905 1013 984 1065; x_wconf 83' lang='lat' dir='ltr'><strong>acer,</strong></span> <span class='ocrx_word' id='word_1_67' title='bbox 999 992 1121 1074; x_wconf 88' lang='lat' dir='ltr'><strong>qualem</strong></span> 
     </span>
     <span class='ocr_line' id='line_1_10' title="bbox 122 1089 1122 1172; baseline 0.001 -24"><span class='ocrx_word' id='word_1_68' title='bbox 122 1091 209 1150; x_wconf 91' lang='lat' dir='ltr'><strong>illum</strong></span> <span class='ocrx_word' id='word_1_69' title='bbox 231 1099 339 1153; x_wconf 88' lang='lat' dir='ltr'><strong>natura</strong></span> <span class='ocrx_word' id='word_1_70' title='bbox 361 1113 427 1151; x_wconf 91' lang='lat' dir='ltr'><strong>esse</strong></span> <span class='ocrx_word' id='word_1_71' title='bbox 450 1093 559 1163; x_wconf 88' lang='lat' dir='ltr'><strong>voluit,</strong></span> <span class='ocrx_word' id='word_1_72' title='bbox 578 1092 735 1172; x_wconf 81' lang='lat' dir='ltr'><strong>speciosus</strong></span> <span class='ocrx_word' id='word_1_73' title='bbox 753 1113 790 1152; x_wconf 85' lang='lat' dir='ltr'><strong>ex</strong></span> <span class='ocrx_word' id='word_1_74' title='bbox 811 1091 947 1164; x_wconf 85' lang='lat' dir='ltr'><strong>horrido,</strong></span> <span class='ocrx_word' id='word_1_75' title='bbox 961 1091 1052 1171; x_wconf 86' lang='lat' dir='ltr'><strong>cujus</strong></span> <span class='ocrx_word' id='word_1_76' title='bbox 1071 1089 1122 1149; x_wconf 88' lang='lat' dir='ltr'><strong>hic</strong></span> 
     </span>
     <span class='ocr_line' id='line_1_11' title="bbox 120 1186 1122 1269; baseline -0.003 -23"><span class='ocrx_word' id='word_1_77' title='bbox 120 1188 216 1246; x_wconf 87' lang='lat' dir='ltr'><strong>decor</strong></span> <span class='ocrx_word' id='word_1_78' title='bbox 227 1196 284 1260; x_wconf 89' lang='lat' dir='ltr'><strong>est,</strong></span> <span class='ocrx_word' id='word_1_79' title='bbox 297 1208 359 1247; x_wconf 92' lang='lat' dir='ltr'><strong>non</strong></span> <span class='ocrx_word' id='word_1_80' title='bbox 376 1190 441 1247; x_wconf 93' lang='lat' dir='ltr'><strong>sine</strong></span> <span class='ocrx_word' id='word_1_81' title='bbox 456 1189 566 1248; x_wconf 89' lang='lat' dir='ltr'><strong>timore</strong></span> <span class='ocrx_word' id='word_1_82' title='bbox 581 1189 710 1269; x_wconf 83' lang='lat' dir='ltr'><strong>adspici,</strong></span> <span class='ocrx_word' id='word_1_83' title='bbox 726 1189 898 1268; x_wconf 88' lang='lat' dir='ltr'><strong>praefertur</strong></span> <span class='ocrx_word' id='word_1_84' title='bbox 911 1188 955 1246; x_wconf 93' lang='lat' dir='ltr'><strong>illi</strong></span> <span class='ocrx_word' id='word_1_85' title='bbox 975 1186 1122 1265; x_wconf 82' lang='lat' dir='ltr'><strong>languido</strong></span> 
     </span>
    </p>
   </div>
   <div class='ocr_carea' id='block_1_4' title="bbox 120 1283 1130 1458">
    <p class='ocr_par' dir='ltr' id='par_1_4' title="bbox 120 1283 1130 1458">
     <span class='ocr_line' id='line_1_12' title="bbox 120 1283 1123 1362; baseline -0.001 -18"><span class='ocrx_word' id='word_1_86' title='bbox 120 1291 154 1344; x_wconf 89' lang='lat' dir='ltr'><strong>et</strong></span> <span class='ocrx_word' id='word_1_87' title='bbox 171 1284 338 1344; x_wconf 88' lang='lat' dir='ltr'><strong>bracteato.</strong></span> <span class='ocrx_word' id='word_1_88' title='bbox 358 1285 456 1344; x_wconf 93' lang='lat' dir='ltr'><strong>Nemo</strong></span> <span class='ocrx_word' id='word_1_89' title='bbox 474 1286 598 1362; x_wconf 83' lang='lat' dir='ltr'><strong>gloriari</strong></span> <span class='ocrx_word' id='word_1_90' title='bbox 620 1285 677 1344; x_wconf 91' lang='lat' dir='ltr'><strong>nisi</strong></span> <span class='ocrx_word' id='word_1_91' title='bbox 691 1306 746 1346; x_wconf 90' lang='lat' dir='ltr'><strong>suo</strong></span> <span class='ocrx_word' id='word_1_92' title='bbox 765 1285 867 1345; x_wconf 80' lang='lat' dir='ltr'><strong>debet.</strong></span> <span class='ocrx_word' id='word_1_93' title='bbox 891 1285 995 1344; x_wconf 86' lang='lat' dir='ltr'><strong>Vitem</strong></span> <span class='ocrx_word' id='word_1_94' title='bbox 1017 1283 1123 1343; x_wconf 89' lang='lat' dir='ltr'><strong>lauda—</strong></span> 
     </span>
     <span class='ocr_line' id='line_1_13' title="bbox 120 1373 1130 1458; baseline -0.01 -18"><span class='ocrx_word' id='word_1_95' title='bbox 120 1402 200 1450; x_wconf 77' lang='lat' dir='ltr'><strong>mus,</strong></span> <span class='ocrx_word' id='word_1_96' title='bbox 218 1381 242 1439; x_wconf 89' lang='lat' dir='ltr'><strong>si</strong></span> <span class='ocrx_word' id='word_1_97' title='bbox 262 1380 365 1438; x_wconf 90' lang='lat' dir='ltr'><strong>fructu</strong></span> <span class='ocrx_word' id='word_1_98' title='bbox 381 1378 523 1458; x_wconf 82' lang='lat' dir='ltr'><strong>palmites</strong></span> <span class='ocrx_word' id='word_1_99' title='bbox 539 1385 658 1449; x_wconf 87' lang='lat' dir='ltr'><strong>onerat,</strong></span> <span class='ocrx_word' id='word_1_100' title='bbox 676 1379 699 1435; x_wconf 92' lang='lat' dir='ltr'><strong>si</strong></span> <span class='ocrx_word' id='word_1_101' title='bbox 722 1378 788 1458; x_wconf 87' lang='lat' dir='ltr'><strong>ipsa</strong></span> <span class='ocrx_word' id='word_1_102' title='bbox 802 1375 841 1434; x_wconf 92' lang='lat' dir='ltr'><strong>ad</strong></span> <span class='ocrx_word' id='word_1_103' title='bbox 860 1383 973 1434; x_wconf 90' lang='lat' dir='ltr'><strong>terram</strong></span> <span class='ocrx_word' id='word_1_104' title='bbox 992 1373 1130 1454; x_wconf 85' lang='lat' dir='ltr'><strong>pondere</strong></span> 
     </span>
    </p>
   </div>
   <div class='ocr_carea' id='block_1_5' title="bbox 117 1472 1123 2597">
    <p class='ocr_par' dir='ltr' id='par_1_5' title="bbox 117 1472 1123 2597">
     <span class='ocr_line' id='line_1_14' title="bbox 120 1472 1122 1555; baseline 0 -24"><span class='ocrx_word' id='word_1_105' title='bbox 120 1493 314 1553; x_wconf 83' lang='lat' dir='ltr'><strong>eorumquae</strong></span> <span class='ocrx_word' id='word_1_106' title='bbox 339 1473 409 1533; x_wconf 92' lang='lat' dir='ltr'><strong>tulit</strong></span> <span class='ocrx_word' id='word_1_107' title='bbox 430 1473 618 1533; x_wconf 87' lang='lat' dir='ltr'><strong>adminicula</strong></span> <span class='ocrx_word' id='word_1_108' title='bbox 628 1473 753 1534; x_wconf 83' lang='lat' dir='ltr'><strong>deducit</strong></span> <span class='ocrx_word' id='word_1_109' title='bbox 768 1493 774 1534; x_wconf 91' lang='lat'>:</span> <span class='ocrx_word' id='word_1_110' title='bbox 789 1495 861 1534; x_wconf 91' lang='lat' dir='ltr'><strong>num</strong></span> <span class='ocrx_word' id='word_1_111' title='bbox 877 1472 1025 1555; x_wconf 91' lang='lat' dir='ltr'><strong>quishuic</strong></span> <span class='ocrx_word' id='word_1_112' title='bbox 1037 1472 1122 1531; x_wconf 91' lang='lat' dir='ltr'><strong>illam</strong></span> 
     </span>
     <span class='ocr_line' id='line_1_15' title="bbox 120 1553 1123 1650; baseline 0.003 -24"><span class='ocrx_word' id='word_1_113' title='bbox 120 1553 290 1648; x_wconf 85' lang='lat' dir='ltr'><strong>praeferret</strong></span> <span class='ocrx_word' id='word_1_114' title='bbox 304 1571 410 1642; x_wconf 87' lang='lat' dir='ltr'><strong>vitem,</strong></span> <span class='ocrx_word' id='word_1_115' title='bbox 428 1571 478 1630; x_wconf 90' lang='lat' dir='ltr'><strong>cui</strong></span> <span class='ocrx_word' id='word_1_116' title='bbox 496 1592 604 1631; x_wconf 87' lang='lat' dir='ltr'><strong>aureae</strong></span> <span class='ocrx_word' id='word_1_117' title='bbox 618 1592 708 1644; x_wconf 85' lang='lat' dir='ltr'><strong>uvae,</strong></span> <span class='ocrx_word' id='word_1_118' title='bbox 720 1591 812 1630; x_wconf 89' lang='lat' dir='ltr'><strong>aurea</strong></span> <span class='ocrx_word' id='word_1_119' title='bbox 825 1570 899 1630; x_wconf 93' lang='lat' dir='ltr'><strong>folia</strong></span> <span class='ocrx_word' id='word_1_120' title='bbox 918 1568 1123 1650; x_wconf 74' lang='lat' dir='ltr'><strong>dependent?</strong></span> 
     </span>
     <span class='ocr_line' id='line_1_16' title="bbox 121 1664 1121 1746; baseline 0 -22"><span class='ocrx_word' id='word_1_121' title='bbox 121 1665 249 1745; x_wconf 86' lang='lat' dir='ltr'><strong>Propria</strong></span> <span class='ocrx_word' id='word_1_122' title='bbox 265 1666 362 1726; x_wconf 88' lang='lat' dir='ltr'><strong>virtus</strong></span> <span class='ocrx_word' id='word_1_123' title='bbox 374 1673 421 1726; x_wconf 90' lang='lat' dir='ltr'><strong>est</strong></span> <span class='ocrx_word' id='word_1_124' title='bbox 435 1669 466 1725; x_wconf 92' lang='lat' dir='ltr'><strong>in</strong></span> <span class='ocrx_word' id='word_1_125' title='bbox 484 1669 545 1726; x_wconf 84' lang='lat' dir='ltr'><strong>vite</strong></span> <span class='ocrx_word' id='word_1_126' title='bbox 565 1668 709 1726; x_wconf 81' lang='lat' dir='ltr'><strong>fertilitas</strong></span> <span class='ocrx_word' id='word_1_127' title='bbox 730 1686 737 1728; x_wconf 89' lang='lat'>:</span> <span class='ocrx_word' id='word_1_128' title='bbox 756 1669 789 1726; x_wconf 91' lang='lat' dir='ltr'><strong>in</strong></span> <span class='ocrx_word' id='word_1_129' title='bbox 809 1666 934 1726; x_wconf 88' lang='lat' dir='ltr'><strong>homine</strong></span> <span class='ocrx_word' id='word_1_130' title='bbox 948 1687 1071 1746; x_wconf 91' lang='lat' dir='ltr'><strong>quoque</strong></span> <span class='ocrx_word' id='word_1_131' title='bbox 1090 1664 1121 1724; x_wconf 91' lang='lat' dir='ltr'><strong>id</strong></span> 
     </span>
     <span class='ocr_line' id='line_1_17' title="bbox 121 1761 1121 1843; baseline 0 -23"><span class='ocrx_word' id='word_1_132' title='bbox 121 1761 308 1822; x_wconf 89' lang='lat' dir='ltr'><strong>laudandum</strong></span> <span class='ocrx_word' id='word_1_133' title='bbox 322 1771 378 1834; x_wconf 85' lang='lat' dir='ltr'><strong>est,</strong></span> <span class='ocrx_word' id='word_1_134' title='bbox 392 1764 474 1842; x_wconf 92' lang='lat' dir='ltr'><strong>quod</strong></span> <span class='ocrx_word' id='word_1_135' title='bbox 487 1764 585 1843; x_wconf 86' lang='lat' dir='ltr'><strong>ipsius</strong></span> <span class='ocrx_word' id='word_1_136' title='bbox 597 1772 653 1824; x_wconf 89' lang='lat' dir='ltr'><strong>est.</strong></span> <span class='ocrx_word' id='word_1_137' title='bbox 673 1765 831 1823; x_wconf 83' lang='lat' dir='ltr'><strong>Familiam</strong></span> <span class='ocrx_word' id='word_1_138' title='bbox 847 1764 1012 1823; x_wconf 81' lang='lat' dir='ltr'><strong>formosam</strong></span> <span class='ocrx_word' id='word_1_139' title='bbox 1030 1762 1121 1821; x_wconf 89' lang='lat' dir='ltr'><strong>habet</strong></span> 
     </span>
     <span class='ocr_line' id='line_1_18' title="bbox 119 1858 1122 1938; baseline -0.001 -21"><span class='ocrx_word' id='word_1_140' title='bbox 119 1867 153 1918; x_wconf 92' lang='lat' dir='ltr'><strong>et</strong></span> <span class='ocrx_word' id='word_1_141' title='bbox 166 1858 292 1917; x_wconf 92' lang='lat' dir='ltr'><strong>domum</strong></span> <span class='ocrx_word' id='word_1_142' title='bbox 306 1860 475 1938; x_wconf 77' lang='lat' dir='ltr'><strong>pulchram,</strong></span> <span class='ocrx_word' id='word_1_143' title='bbox 492 1861 621 1919; x_wconf 93' lang='lat' dir='ltr'><strong>multum</strong></span> <span class='ocrx_word' id='word_1_144' title='bbox 636 1862 719 1932; x_wconf 85' lang='lat' dir='ltr'><strong>serit,</strong></span> <span class='ocrx_word' id='word_1_145' title='bbox 735 1861 863 1919; x_wconf 93' lang='lat' dir='ltr'><strong>multum</strong></span> <span class='ocrx_word' id='word_1_146' title='bbox 877 1861 1029 1919; x_wconf 79' lang='lat' dir='ltr'><strong>foenerat:</strong></span> <span class='ocrx_word' id='word_1_147' title='bbox 1046 1859 1122 1917; x_wconf 92' lang='lat' dir='ltr'><strong>nihil</strong></span> 
     </span>
     <span class='ocr_line' id='line_1_19' title="bbox 120 1954 1122 2036; baseline 0.001 -24"><span class='ocrx_word' id='word_1_148' title='bbox 120 1954 232 2015; x_wconf 92' lang='lat' dir='ltr'><strong>horum</strong></span> <span class='ocrx_word' id='word_1_149' title='bbox 250 1955 280 2013; x_wconf 89' lang='lat' dir='ltr'><strong>in</strong></span> <span class='ocrx_word' id='word_1_150' title='bbox 298 1957 365 2035; x_wconf 91' lang='lat' dir='ltr'><strong>ipso</strong></span> <span class='ocrx_word' id='word_1_151' title='bbox 385 1965 441 2020; x_wconf 78' lang='lat' dir='ltr'><strong>est,</strong></span> <span class='ocrx_word' id='word_1_152' title='bbox 459 1956 511 2014; x_wconf 86' lang='lat' dir='ltr'><strong>sed</strong></span> <span class='ocrx_word' id='word_1_153' title='bbox 532 1957 611 2015; x_wconf 89' lang='lat' dir='ltr'><strong>circa</strong></span> <span class='ocrx_word' id='word_1_154' title='bbox 633 1958 744 2036; x_wconf 89' lang='lat' dir='ltr'><strong>ipsum.</strong></span> <span class='ocrx_word' id='word_1_155' title='bbox 765 1957 869 2016; x_wconf 89' lang='lat' dir='ltr'><strong>Lauda</strong></span> <span class='ocrx_word' id='word_1_156' title='bbox 892 1957 923 2015; x_wconf 94' lang='lat' dir='ltr'><strong>in</strong></span> <span class='ocrx_word' id='word_1_157' title='bbox 943 1956 1021 2036; x_wconf 87' lang='lat' dir='ltr'><strong>ipsc,</strong></span> <span class='ocrx_word' id='word_1_158' title='bbox 1038 1955 1122 2036; x_wconf 89' lang='lat' dir='ltr'><strong>quod</strong></span> 
     </span>
     <span class='ocr_line' id='line_1_20' title="bbox 120 2051 1121 2134; baseline 0.002 -24"><span class='ocrx_word' id='word_1_159' title='bbox 120 2072 177 2111; x_wconf 89' lang='lat' dir='ltr'><strong>nec</strong></span> <span class='ocrx_word' id='word_1_160' title='bbox 201 2051 278 2131; x_wconf 87' lang='lat' dir='ltr'><strong>eripi</strong></span> <span class='ocrx_word' id='word_1_161' title='bbox 299 2061 401 2130; x_wconf 89' lang='lat' dir='ltr'><strong>potest</strong></span> <span class='ocrx_word' id='word_1_162' title='bbox 426 2074 482 2113; x_wconf 90' lang='lat' dir='ltr'><strong>nec</strong></span> <span class='ocrx_word' id='word_1_163' title='bbox 503 2052 580 2126; x_wconf 86' lang='lat' dir='ltr'><strong>dari,</strong></span> <span class='ocrx_word' id='word_1_164' title='bbox 605 2053 688 2134; x_wconf 91' lang='lat' dir='ltr'><strong>quod</strong></span> <span class='ocrx_word' id='word_1_165' title='bbox 712 2055 870 2132; x_wconf 88' lang='lat' dir='ltr'><strong>proprium</strong></span> <span class='ocrx_word' id='word_1_166' title='bbox 892 2053 1025 2111; x_wconf 89' lang='lat' dir='ltr'><strong>hominis</strong></span> <span class='ocrx_word' id='word_1_167' title='bbox 1052 2059 1121 2112; x_wconf 83' lang='lat' dir='ltr'><strong>est:</strong></span> 
     </span>
     <span class='ocr_line' id='line_1_21' title="bbox 119 2149 1122 2228; baseline 0.003 -22"><span class='ocrx_word' id='word_1_168' title='bbox 119 2149 242 2228; x_wconf 90' lang='lat' dir='ltr'><strong>quaeris</strong></span> <span class='ocrx_word' id='word_1_169' title='bbox 268 2149 342 2228; x_wconf 90' lang='lat' dir='ltr'><strong>quid</strong></span> <span class='ocrx_word' id='word_1_170' title='bbox 364 2149 430 2208; x_wconf 87' lang='lat' dir='ltr'><strong>sit‘l</strong></span> <span class='ocrx_word' id='word_1_171' title='bbox 460 2150 590 2208; x_wconf 85' lang='lat' dir='ltr'><strong>Animus</strong></span> <span class='ocrx_word' id='word_1_172' title='bbox 614 2160 645 2209; x_wconf 89' lang='lat' dir='ltr'><strong>et</strong></span> <span class='ocrx_word' id='word_1_173' title='bbox 670 2151 748 2209; x_wconf 90' lang='lat' dir='ltr'><strong>ratio</strong></span> <span class='ocrx_word' id='word_1_174' title='bbox 777 2151 807 2208; x_wconf 92' lang='lat' dir='ltr'><strong>in</strong></span> <span class='ocrx_word' id='word_1_175' title='bbox 839 2150 942 2208; x_wconf 88' lang='lat' dir='ltr'><strong>animo</strong></span> <span class='ocrx_word' id='word_1_176' title='bbox 973 2149 1122 2228; x_wconf 88' lang='lat' dir='ltr'><strong>perfecta.</strong></span> 
     </span>
     <span class='ocr_line' id='line_1_22' title="bbox 121 2245 1123 2325; baseline 0.001 -22"><span class='ocrx_word' id='word_1_177' title='bbox 121 2245 283 2304; x_wconf 82' lang='lat' dir='ltr'><strong>Rationale</strong></span> <span class='ocrx_word' id='word_1_178' title='bbox 292 2246 372 2304; x_wconf 90' lang='lat' dir='ltr'><strong>enim</strong></span> <span class='ocrx_word' id='word_1_179' title='bbox 389 2247 502 2305; x_wconf 91' lang='lat' dir='ltr'><strong>animal</strong></span> <span class='ocrx_word' id='word_1_180' title='bbox 513 2255 559 2305; x_wconf 86' lang='lat' dir='ltr'><strong>est</strong></span> <span class='ocrx_word' id='word_1_181' title='bbox 570 2247 673 2306; x_wconf 93' lang='lat' dir='ltr'><strong>homo.</strong></span> <span class='ocrx_word' id='word_1_182' title='bbox 690 2248 930 2306; x_wconf 81' lang='lat' dir='ltr'><strong>Consmnmatur</strong></span> <span class='ocrx_word' id='word_1_183' title='bbox 939 2248 1042 2325; x_wconf 87' lang='lat' dir='ltr'><strong>itaque</strong></span> <span class='ocrx_word' id='word_1_184' title='bbox 1055 2246 1123 2325; x_wconf 87' lang='lat' dir='ltr'><strong>ejus</strong></span> 
     </span>
     <span class='ocr_line' id='line_1_23' title="bbox 119 2340 1122 2422; baseline 0 -22"><span class='ocrx_word' id='word_1_185' title='bbox 119 2342 249 2415; x_wconf 90' lang='lat' dir='ltr'><strong>bonum,</strong></span> <span class='ocrx_word' id='word_1_186' title='bbox 266 2342 290 2400; x_wconf 91' lang='lat' dir='ltr'><strong>si</strong></span> <span class='ocrx_word' id='word_1_187' title='bbox 307 2343 336 2400; x_wconf 91' lang='lat' dir='ltr'><strong>id</strong></span> <span class='ocrx_word' id='word_1_188' title='bbox 353 2342 504 2422; x_wconf 82' lang='lat' dir='ltr'><strong>implevit,</strong></span> <span class='ocrx_word' id='word_1_189' title='bbox 521 2344 570 2402; x_wconf 90' lang='lat' dir='ltr'><strong>cui</strong></span> <span class='ocrx_word' id='word_1_190' title='bbox 587 2345 731 2402; x_wconf 88' lang='lat' dir='ltr'><strong>nascitur.</strong></span> <span class='ocrx_word' id='word_1_191' title='bbox 751 2344 829 2410; x_wconf 88' lang='lat' dir='ltr'><strong>Quid</strong></span> <span class='ocrx_word' id='word_1_192' title='bbox 850 2350 897 2402; x_wconf 90' lang='lat' dir='ltr'><strong>est</strong></span> <span class='ocrx_word' id='word_1_193' title='bbox 916 2340 1122 2422; x_wconf 83' lang='lat' dir='ltr'><strong>autem&#39;quod</strong></span> 
     </span>
     <span class='ocr_line' id='line_1_24' title="bbox 117 2436 1123 2518; baseline 0.002 -22"><span class='ocrx_word' id='word_1_194' title='bbox 117 2437 226 2497; x_wconf 90' lang='lat' dir='ltr'><strong>abillo</strong></span> <span class='ocrx_word' id='word_1_195' title='bbox 243 2439 323 2497; x_wconf 92' lang='lat' dir='ltr'><strong>ratio</strong></span> <span class='ocrx_word' id='word_1_196' title='bbox 337 2436 412 2498; x_wconf 88' lang='lat' dir='ltr'><strong>haec</strong></span> <span class='ocrx_word' id='word_1_197' title='bbox 427 2440 553 2518; x_wconf 81' lang='lat' dir='ltr'><strong>exigat?</strong></span> <span class='ocrx_word' id='word_1_198' title='bbox 564 2461 628 2499; x_wconf 89' lang='lat' dir='ltr'><strong>rem</strong></span> <span class='ocrx_word' id='word_1_199' title='bbox 644 2441 831 2514; x_wconf 86' lang='lat' dir='ltr'><strong>facillimam,</strong></span> <span class='ocrx_word' id='word_1_200' title='bbox 850 2440 1018 2499; x_wconf 90' lang='lat' dir='ltr'><strong>secundum</strong></span> <span class='ocrx_word' id='word_1_201' title='bbox 1033 2446 1123 2498; x_wconf 90' lang='lat' dir='ltr'><strong>natu·</strong></span> 
     </span>
     <span class='ocr_line' id='line_1_25' title="bbox 120 2535 422 2597; baseline 0.017 -5"><span class='ocrx_word' id='word_1_202' title='bbox 120 2555 187 2594; x_wconf 89' lang='lat' dir='ltr'><strong>ram</strong></span> <span class='ocrx_word' id='word_1_203' title='bbox 205 2555 291 2594; x_wconf 88' lang='lat' dir='ltr'><strong>suam</strong></span> <span class='ocrx_word' id='word_1_204' title='bbox 308 2535 422 2597; x_wconf 89' lang='lat' dir='ltr'><strong>vivere.</strong></span> 
     </span>
    </p>
   </div>
   <div class='ocr_carea' id='block_1_6' title="bbox 342 2711 871 2908">
    <p class='ocr_par' dir='ltr' id='par_1_6' title="bbox 342 2711 871 2908">
     <span class='ocr_line' id='line_1_26' title="bbox 388 2711 868 2792; baseline 0.004 -15"><span class='ocrx_word' id='word_1_205' title='bbox 388 2722 473 2780; x_wconf 79' lang='lat'><strong>475.</strong></span> <span class='ocrx_word' id='word_1_206' title='bbox 494 2725 547 2779; x_wconf 78' lang='lat' dir='ltr'><strong>La</strong></span> <span class='ocrx_word' id='word_1_207' title='bbox 566 2720 751 2779; x_wconf 76' lang='lat' dir='ltr'><strong>veritame</strong></span> <span class='ocrx_word' id='word_1_208' title='bbox 768 2711 868 2792; x_wconf 66' lang='lat' dir='ltr'><strong>jore!</strong></span> 
     </span>
     <span class='ocr_line' id='line_1_27' title="bbox 342 2824 871 2908; baseline 0.004 -24"><span class='ocrx_word' id='word_1_209' title='bbox 342 2853 345 2859; x_wconf 93' lang='lat'>·</span> <span class='ocrx_word' id='word_1_210' title='bbox 373 2824 508 2905; x_wconf 85' lang='lat' dir='ltr'><strong>(Verum</strong></span> <span class='ocrx_word' id='word_1_211' title='bbox 530 2825 684 2907; x_wconf 76' lang='lat' dir='ltr'><strong>paudium</strong></span> <span class='ocrx_word' id='word_1_212' title='bbox 706 2826 786 2908; x_wconf 83' lang='lat' dir='ltr'><strong>quid</strong></span> <span class='ocrx_word' id='word_1_213' title='bbox 805 2826 871 2908; x_wconf 74' lang='lat' dir='ltr'><strong>sii.)</strong></span> 
     </span>
    </p>
   </div>
   <div class='ocr_carea' id='block_1_7' title="bbox 119 2974 1190 3249">
    <p class='ocr_par' dir='ltr' id='par_1_7' title="bbox 119 2974 1190 3249">
     <span class='ocr_line' id='line_1_28' title="bbox 160 2974 1190 3057; baseline 0.001 -23"><span class='ocrx_word' id='word_1_214' title='bbox 160 2974 208 3034; x_wconf 90' lang='lat' dir='ltr'><strong>Ad</strong></span> <span class='ocrx_word' id='word_1_215' title='bbox 222 2995 342 3034; x_wconf 85' lang='lat' dir='ltr'><strong>summa</strong></span> <span class='ocrx_word' id='word_1_216' title='bbox 364 2975 507 3056; x_wconf 85' lang='lat' dir='ltr'><strong>pervenit</strong></span> <span class='ocrx_word' id='word_1_217' title='bbox 530 2976 583 3056; x_wconf 90' lang='lat' dir='ltr'><strong>qui</strong></span> <span class='ocrx_word' id='word_1_218' title='bbox 600 2977 658 3035; x_wconf 86' lang='lat' dir='ltr'><strong>scit</strong></span> <span class='ocrx_word' id='word_1_219' title='bbox 680 2997 742 3055; x_wconf 93' lang='lat' dir='ltr'><strong>quo</strong></span> <span class='ocrx_word' id='word_1_220' title='bbox 764 2976 906 3054; x_wconf 82' lang='lat' dir='ltr'><strong>gaudeat,</strong></span> <span class='ocrx_word' id='word_1_221' title='bbox 922 2977 974 3057; x_wconf 93' lang='lat' dir='ltr'><strong>qui</strong></span> <span class='ocrx_word' id='word_1_222' title='bbox 993 2976 1122 3035; x_wconf 90' lang='lat' dir='ltr'><strong>felicita·</strong></span> <span class='ocrx_word' id='word_1_223' title='bbox 1149 2985 1190 3048; x_wconf 81' lang='lat'><strong>2·</strong></span> 
     </span>
     <span class='ocr_line' id='line_1_29' title="bbox 119 3071 1122 3161; baseline 0.003 -32"><span class='ocrx_word' id='word_1_224' title='bbox 119 3077 182 3130; x_wconf 87' lang='lat' dir='ltr'><strong>tem</strong></span> <span class='ocrx_word' id='word_1_225' title='bbox 200 3092 285 3130; x_wconf 88' lang='lat' dir='ltr'><strong>suam</strong></span> <span class='ocrx_word' id='word_1_226' title='bbox 305 3072 336 3129; x_wconf 90' lang='lat' dir='ltr'><strong>iu</strong></span> <span class='ocrx_word' id='word_1_227' title='bbox 355 3071 454 3130; x_wconf 86' lang='lat' dir='ltr'><strong>aliena</strong></span> <span class='ocrx_word' id='word_1_228' title='bbox 471 3079 623 3161; x_wconf 85' lang='lat' dir='ltr'><strong>potestate</strong></span> <span class='ocrx_word' id='word_1_229' title='bbox 643 3095 704 3132; x_wconf 92' lang='lat' dir='ltr'><strong>non</strong></span> <span class='ocrx_word' id='word_1_230' title='bbox 723 3073 839 3152; x_wconf 80' lang='lat' dir='ltr'><strong>posuit3</strong></span> <span class='ocrx_word' id='word_1_231' title='bbox 862 3073 1011 3132; x_wconf 91' lang='lat' dir='ltr'><strong>sollicitus</strong></span> <span class='ocrx_word' id='word_1_232' title='bbox 1027 3079 1122 3132; x_wconf 87' lang='lat' dir='ltr'><strong>estet</strong></span> 
     </span>
     <span class='ocr_line' id='line_1_30' title="bbox 119 3167 1121 3249; baseline 0.002 -23"><span class='ocrx_word' id='word_1_233' title='bbox 119 3167 256 3226; x_wconf 90' lang='lat' dir='ltr'><strong>incertus</strong></span> <span class='ocrx_word' id='word_1_234' title='bbox 274 3168 333 3240; x_wconf 83' lang='lat' dir='ltr'><strong>sui,</strong></span> <span class='ocrx_word' id='word_1_235' title='bbox 352 3188 443 3248; x_wconf 92' lang='lat' dir='ltr'><strong>quem</strong></span> <span class='ocrx_word' id='word_1_236' title='bbox 466 3189 536 3248; x_wconf 89' lang='lat' dir='ltr'><strong>spes</strong></span> <span class='ocrx_word' id='word_1_237' title='bbox 556 3169 658 3249; x_wconf 90' lang='lat' dir='ltr'><strong>aliqua</strong></span> <span class='ocrx_word' id='word_1_238' title='bbox 682 3171 822 3249; x_wconf 84' lang='lat' dir='ltr'><strong>proritat,</strong></span> <span class='ocrx_word' id='word_1_239' title='bbox 845 3170 917 3229; x_wconf 91' lang='lat' dir='ltr'><strong>licet</strong></span> <span class='ocrx_word' id='word_1_240' title='bbox 936 3169 972 3228; x_wconf 90' lang='lat' dir='ltr'><strong>ad</strong></span> <span class='ocrx_word' id='word_1_241' title='bbox 994 3191 1121 3230; x_wconf 90' lang='lat' dir='ltr'><strong>manum</strong></span> 
     </span>
    </p>
   </div>
   <div class='ocr_carea' id='block_1_8' title="bbox 87 3264 1133 3436">
    <p class='ocr_par' dir='ltr' id='par_1_8' title="bbox 87 3264 1133 3436">
     <span class='ocr_line' id='line_1_31' title="bbox 87 3264 1123 3345; baseline 0.004 -23"><span class='ocrx_word' id='word_1_242' title='bbox 87 3313 92 3320; x_wconf 93' lang='lat'><em>.</em></span> <span class='ocrx_word' id='word_1_243' title='bbox 119 3265 172 3338; x_wconf 83' lang='lat' dir='ltr'><strong>sit,</strong></span> <span class='ocrx_word' id='word_1_244' title='bbox 190 3264 264 3323; x_wconf 89' lang='lat' dir='ltr'><strong>licet</strong></span> <span class='ocrx_word' id='word_1_245' title='bbox 291 3285 458 3344; x_wconf 92' lang='lat' dir='ltr'><strong>numquam</strong></span> <span class='ocrx_word' id='word_1_246' title='bbox 490 3266 576 3324; x_wconf 93' lang='lat' dir='ltr'><strong>illum</strong></span> <span class='ocrx_word' id='word_1_247' title='bbox 599 3274 717 3345; x_wconf 87' lang='lat' dir='ltr'><strong>sperata</strong></span> <span class='ocrx_word' id='word_1_248' title='bbox 737 3266 925 3345; x_wconf 90' lang='lat' dir='ltr'><strong>deceperint.</strong></span> <span class='ocrx_word' id='word_1_249' title='bbox 956 3267 1123 3326; x_wconf 82' lang='lat' dir='ltr'><strong>Existimas</strong></span> 
     </span>
     <span class='ocr_line' id='line_1_32' title="bbox 121 3355 1133 3436; baseline 0.006 -20"><span class='ocrx_word' id='word_1_250' title='bbox 121 3355 1133 3436; x_wconf 85' lang='lat' dir='ltr'><strong>nuncmedetraheretibimultasvoluptates,quifortuitasubmo·</strong></span> 
     </span>
    </p>
   </div>
   <div class='ocr_carea' id='block_1_9' title="bbox 119 3451 1170 3825">
    <p class='ocr_par' dir='ltr' id='par_1_9' title="bbox 119 3451 1170 3825">
     <span class='ocr_line' id='line_1_33' title="bbox 120 3451 1131 3534; baseline 0.011 -23"><span class='ocrx_word' id='word_1_251' title='bbox 120 3451 1131 3534; x_wconf 75' lang='lat' dir='ltr'><strong>ven,quispes‚dulcissimaoblectamenta‚devitandasexistimo‘l</strong></span> 
     </span>
     <span class='ocr_line' id='line_1_34' title="bbox 120 3551 1122 3632; baseline 0.005 -22"><span class='ocrx_word' id='word_1_252' title='bbox 120 3551 219 3610; x_wconf 88' lang='lat' dir='ltr'><strong>Immo</strong></span> <span class='ocrx_word' id='word_1_253' title='bbox 233 3551 420 3610; x_wconf 86' lang='lat' dir='ltr'><strong>coutranolo</strong></span> <span class='ocrx_word' id='word_1_254' title='bbox 431 3551 486 3610; x_wconf 92' lang='lat' dir='ltr'><strong>tibi</strong></span> <span class='ocrx_word' id='word_1_255' title='bbox 498 3564 644 3632; x_wconf 86' lang='lat' dir='ltr'><strong>umquam</strong></span> <span class='ocrx_word' id='word_1_256' title='bbox 658 3552 762 3612; x_wconf 89' lang='lat' dir='ltr'><strong>deesse</strong></span> <span class='ocrx_word' id='word_1_257' title='bbox 780 3553 929 3626; x_wconf 67' lang='lat' dir='ltr'><strong>laetitiam,</strong></span> <span class='ocrx_word' id='word_1_258' title='bbox 947 3553 1019 3612; x_wconf 90' lang='lat' dir='ltr'><strong>volo</strong></span> <span class='ocrx_word' id='word_1_259' title='bbox 1035 3554 1122 3615; x_wconf 85' lang='lat' dir='ltr'><strong>illam</strong></span> 
     </span>
     <span class='ocr_line' id='line_1_35' title="bbox 119 3647 1120 3730; baseline 0.005 -24"><span class='ocrx_word' id='word_1_260' title='bbox 119 3648 176 3707; x_wconf 91' lang='lat' dir='ltr'><strong>tibi</strong></span> <span class='ocrx_word' id='word_1_261' title='bbox 196 3647 281 3708; x_wconf 91' lang='lat' dir='ltr'><strong>domi</strong></span> <span class='ocrx_word' id='word_1_262' title='bbox 305 3647 403 3719; x_wconf 74' lang='lat' dir='ltr'><strong>nasci3</strong></span> <span class='ocrx_word' id='word_1_263' title='bbox 430 3655 584 3720; x_wconf 89' lang='lat' dir='ltr'><strong>nascetur,</strong></span> <span class='ocrx_word' id='word_1_264' title='bbox 611 3649 635 3707; x_wconf 88' lang='lat' dir='ltr'><strong>si</strong></span> <span class='ocrx_word' id='word_1_265' title='bbox 661 3649 752 3709; x_wconf 92' lang='lat' dir='ltr'><strong>modo</strong></span> <span class='ocrx_word' id='word_1_266' title='bbox 776 3651 857 3709; x_wconf 90' lang='lat' dir='ltr'><strong>intra</strong></span> <span class='ocrx_word' id='word_1_267' title='bbox 884 3657 914 3709; x_wconf 89' lang='lat' dir='ltr'><strong>te</strong></span> <span class='ocrx_word' id='word_1_268' title='bbox 941 3651 1042 3730; x_wconf 90' lang='lat' dir='ltr'><strong>ipsum</strong></span> <span class='ocrx_word' id='word_1_269' title='bbox 1069 3651 1120 3712; x_wconf 90' lang='lat' dir='ltr'><strong>sit.</strong></span> 
     </span>
     <span class='ocr_line' id='line_1_36' title="bbox 119 3727 1170 3825; baseline 0.003 -21"><span class='ocrx_word' id='word_1_270' title='bbox 119 3744 243 3804; x_wconf 81' lang='lat' dir='ltr'><strong>Ceterae.</strong></span> <span class='ocrx_word' id='word_1_271' title='bbox 260 3744 430 3803; x_wconf 89' lang='lat' dir='ltr'><strong>hilaritates</strong></span> <span class='ocrx_word' id='word_1_272' title='bbox 454 3765 517 3804; x_wconf 91' lang='lat' dir='ltr'><strong>uon</strong></span> <span class='ocrx_word' id='word_1_273' title='bbox 542 3745 671 3824; x_wconf 92' lang='lat' dir='ltr'><strong>implent</strong></span> <span class='ocrx_word' id='word_1_274' title='bbox 698 3753 816 3825; x_wconf 75' lang='lat' dir='ltr'><strong>pectus</strong></span> <span class='ocrx_word' id='word_1_275' title='bbox 844 3747 992 3806; x_wconf 87' lang='lat' dir='ltr'><strong>Frontem</strong></span> <span class='ocrx_word' id='word_1_276' title='bbox 1018 3749 1123 3808; x_wconf 89' lang='lat' dir='ltr'><strong>remit·</strong></span> <span class='ocrx_word' id='word_1_277' title='bbox 1168 3727 1170 3739; x_wconf 22' lang='grc' dir='ltr'>Α</span> 
     </span>
    </p>
   </div>
   <div class='ocr_carea' id='block_1_10' title="bbox 542 3911 706 3963">
    <p class='ocr_par' dir='ltr' id='par_1_10' title="bbox 542 3911 706 3963">
     <span class='ocr_line' id='line_1_37' title="bbox 542 3911 706 3963; baseline -0.024 0"><span class='ocrx_word' id='word_1_278' title='bbox 542 3941 577 3952; x_wconf 88' lang='grc'><strong>-</strong></span> <span class='ocrx_word' id='word_1_279' title='bbox 597 3911 647 3963; x_wconf 68' lang='lat'><strong>345</strong></span> <span class='ocrx_word' id='word_1_280' title='bbox 666 3943 706 3959; x_wconf 84' lang='lat'><strong>.-.</strong></span> 
     </span>
    </p>
   </div>
   <div class='ocr_carea' id='block_1_11' title="bbox 0 0 1346 4258">
    <p class='ocr_par' dir='ltr' id='par_1_11' title="bbox 0 0 1346 4258">
     <span class='ocr_line' id='line_1_38' title="bbox 0 0 1346 4258; baseline 0 0"><span class='ocrx_word' id='word_1_281' title='bbox 0 0 1346 4258; x_wconf 95' lang='lat' dir='ltr'><strong> </strong></span> 
     </span>
    </p>
   </div>
  </div>
 </body>
</html>
