2682 4258
479 162 513 199 us
535 163 582 199 vm
603 145 704 200 rnrvrin
725 163 777 200 uss
798 139 923 201 nonnius

203 273 307 334 libere.
322 276 363 332 At
373 272 507 348 hercule,
520 271 667 332 memoria
682 281 856 354 parentum,
870 271 1033 334 Claudium
1049 274 1199 333 Caesarem

191 361 317 442 'lerunt
331 365 405 430 cum‘
424 366 454 428 in
470 369 585 450 palatio
605 364 792 450 spatiaretur
811 371 1007 451 audissetque
1024 363 1198 442 clamorem,

202 487 325 526 causam
347 467 525 547 requisisse;
547 487 678 546 cumque
698 468 814 528 dictum
838 475 918 527 esset
936 468 1064 526 recitare
1088 467 1202 536 Nonia-

204 583 289 633 num,
299 564 435 622 subitum
449 563 591 622 recitanti
608 562 862 644 inopinatumque
878 565 1009 625 venisse.
1021 565 1112 623 Nunc
1126 562 1202 622 otio·

202 660 342 720 sissimus
355 661 484 740 quisque
497 661 595 720 multo
607 668 679 720 ante
689 670 825 740 rogatus,
839 667 871 720 et¹
883 661 1051 721 identidem
1066 659 1204 719 admoni-

202 763 264 831 tuS,
276 765 330 816 aut
344 778 406 815 non
416 757 513 831 venit,
530 764 594 830 aut,
611 759 635 816 si
646 758 742 830 venit,
757 758 896 838 queritur
906 778 937 816 se
948 757 1040 830 diem,
1055 757 1126 838 quia
1140 770 1203 816 non

203 853 383 934 perdiderit,
398 853 580 933 perdidisse.
605 853 665 912 Sed
678 860 765 914 tanto
787 854 884 933 magis
904 854 1050 914 laudandi
1069 853 1202 933 proban-

204 950 296 1030 dique
313 956 384 1009 sunt
398 971 477 1030 quos
492 971 509 1010 a
526 950 680 1009 scribendi
695 951 905 1032 recitandique
923 951 1025 1010 studio
1041 950 1106 1010 haec
1120 950 1204 1009 audi·

203 1054 306 1106 torum
316 1047 365 1106 vel
376 1047 491 1106 desidia
502 1048 551 1106 vel
564 1047 707 1128 superbia
718 1069 780 1107 non
789 1048 934 1106 retardat.
950 1047 1100 1127 Equidem
1109 1068 1206 1127 prope

203 1143 320 1202 nemini
333 1143 429 1202 delui.
449 1143 546 1203 Erant
564 1163 636 1203 sane
656 1144 794 1225 plerique
816 1144 916 1208 amici.
938 1145 1045 1223 Neque
1062 1143 1145 1202 enim
1161 1150 1206 1203 est

158 1249 160 1254 '
203 1241 267 1299 iere
282 1240 512 1321 quisquamqui
528 1230 641 1314 studia,
659 1249 768 1300 utnon
784 1241 874 1300 simul
890 1249 990 1299 etnos
1005 1232 1097 1299 amet.
1216 1235 1217 1238 ¹

433 1382 519 1440 eoa.
541 1381 756 1440 Fraterntte
776 1367 974 1440 ueterano.

405 1469 504 1548 (Inter
524 1467 691 1551 scriptores
711 1469 873 1550 fraternus
894 1469 1006 1550 amor.)

136 1579 179 1646 2⁸
244 1583 369 1643 Librum
391 1590 480 1644 tuum
501 1583 611 1662 legi,et
633 1605 724 1664 quam
743 1583 978 1662 diligentissime
1001 1575 1088 1662 potui
1110 1603 1206 1643 anno·
1216 1573 1218 1579 ¹

204 1681 268 1739 tavi
284 1701 353 1761 quae
373 1681 601 1753 commutanda,
625 1702 694 1760 quae
713 1665 873 1740 eximenda
894 1681 1074 1754 arbitrarer;
1092 1686 1209 1739 namet

204 1797 261 1856 ego
278 1797 382 1836 verum
395 1777 496 1837 dicere
507 1777 628 1837 assuevi
639 1784 670 1836 et
680 1784 713 1836 tu
724 1777 856 1836 libenter
870 1776 987 1836 audire.
1006 1778 1113 1857 Neque
1126 1776 1209 1834 enim

205 1873 259 1942 ulli
280 1873 446 1968 patientius
469 1873 738 1954 reprehenduntur
754 1895 846 1954 quam
864 1874 917 1964 qui
937 1875 1076 1932 maxime
1090 1873 1209 1932 laudari

204 1963 373 2029 merentur
399 1970 489 2030 Nunc
510 1991 527 2028 a
546 1977 576 2029 te
600 1970 712 2029 librum
737 1991 837 2030 meum
860 1991 930 2030 cum
953 1970 1210 2030 annotationibus

204 2055 267 2140 tuis
295 2073 448 2147 exspecto.
474 2067 498 2127 Ο
516 2066 680 2145 jucundae,
698 2087 717 2126 ο
740 2067 883 2148 pulchras
908 2067 1010 2126 vicest
1037 2067 1136 2134 Quam
1161 2087 1211 2126 me

205 2163 338 2223 delectat
362 2164 456 2243 quod,
478 2164 583 2243 siqua
609 2164 740 2243 posteris
762 2185 834 2223 cura
856 2164 964 2236 nostri,
988 2185 1212 2244 usquequaque

206 2261 381 2340 narrabitur
404 2280 465 2340 qua
491 2260 666 2333 concordia,
697 2260 904 2340 simplicitate,
935 2259 994 2322 fide
1018 2261 1209 2320 vixerimus!

208 2357 275 2415 Erit
305 2377 407 2416 rarum
439 2360 474 2415 et
499 2356 620 2434 insigne
648 2356 725 2416 duos
754 2357 894 2416 homines
923 2364 1025 2430 aetate,
1056 2356 1212 2434 dignitate

207 2453 430 2533 propemodum
443 2453 585 2533 aequales
603 2447 782 2512 nonnullius
794 2454 824 2512 in
838 2454 949 2513 litteris
960 2453 1094 2512 nominis
1104 2453 1214 2533 (cogor

206 2550 289 2618 enim
305 2549 342 2607 de
358 2549 388 2608 te
399 2549 521 2631 quoque
537 2550 659 2630 parcius
674 2549 786 2622 dicere,
799 2551 871 2630 quia
886 2550 924 2608 de
943 2571 991 2608 me
1010 2549 1101 2608 simul
1117 2550 1211 2629 dico),

205 2646 339 2705 alterum
361 2647 486 2705 alterius
511 2646 611 2705 studia
631 2646 755 2705 fovisse.
774 2646 924 2726 Equidem
947 2646 1212 2718 adulescentulus,

205 2765 277 2802 cum
293 2743 357 2823 jam
376 2750 409 2802 tu
430 2744 510 2804 lama
530 2743 689 2824 gloriaque
708 2743 844 2815 floreres,
867 2751 897 2802 te
919 2733 1017 2823 sequi,
1036 2741 1093 2800 tibi
1117 2742 1215 2826 longo

148 2877 150 2888 ι
204 2837 265 2899 sed.
275 2837 441 2920 proximus
462 2838 625 2900 intervallo
640 2847 671 2898 et
686 2859 751 2898 esse
766 2847 798 2898 et
810 2838 917 2898 haberi
939 2839 1212 2918 concupiscebam.

207 2937 247 2996 Et
262 2945 348 2996 erant
366 2937 461 2995 multa
476 2937 642 2996 clarissima
662 2936 800 3014 ingenia;
818 2936 870 2994 sed
885 2943 921 2994 tu
940 2936 1015 2994 mibi
1032 2936 1086 3015 (ita
1104 2936 1217 2996 simili-

206 3034 283 3102 tudo
294 3041 412 3092 naturae
422 3033 552 3114 ferebat)
565 3034 695 3092 maxime
711 3033 880 3104 imitabilis,
893 3033 1026 3092 maxime
1040 3033 1217 3092 imitandus

208 3130 372 3210 uidebaris.
399 3131 467 3198 Quo
493 3131 589 3209 magis
614 3130 732 3208 gaudeo
756 3128 851 3209 quod,
882 3129 907 3188 si
936 3129 1004 3208 quis
1032 3129 1070 3188 de
1099 3131 1217 3189 studiis

207 3248 319 3300 sermo,
347 3248 407 3286 una
429 3227 644 3303 nominamurg
662 3227 744 3307 quod
769 3226 806 3285 de
830 3232 860 3284 te
884 3225 1081 3306 loquentibus
1106 3228 1216 3287 statim

207 3344 348 3390 occurro
365 3324 446 3391 Quin
464 3324 556 3384 etiam
571 3323 604 3383 in
618 3323 812 3383 testamentis
830 3323 922 3382 debes
943 3330 1106 3382 annotasse
1124 3343 1131 3386 :
1154 3325 1218 3383 nisi

208 3421 279 3500 quis
308 3421 388 3480 lorte
412 3421 552 3480 alterutri
580 3426 719 3481 nostrum
743 3419 837 3478 fuerit
864 3419 1077 3494 amicissimus,
1103 3421 1217 3481 eadem

208 3517 308 3594 legata
324 3517 492 3596 etquidem
518 3517 633 3598 pariter
644 3517 822 3596 accipimus.
838 3515 912 3583 Quae
927 3517 1029 3576 omnia
1045 3516 1106 3577 huc
1125 3539 1222 3598 spec·

209 3621 289 3685 tant,
306 3620 341 3672 ut
355 3613 487 3672 invicem
502 3613 660 3674 ardentius
676 3601 848 3692 diligamus,
866 3633 934 3671 cum
949 3620 996 3672 tot
1009 3613 1140 3674 vinculis
1157 3636 1221 3674 nos

209 3709 323 3781 studia,
346 3729 457 3782 meree,
478 3710 569 3784 fama,
595 3731 735 3791 suprema
761 3709 893 3789 denique
914 3709 1072 3770 hominum
1094 3711 1223 3790 judicia

209 3805 435 3882 constringant.

631 3915 663 3927 -
684 3888 734 3939 290
757 3917 786 3927 -
