2682 4258
174 124 257 182 442.
279 127 333 181 La
353 138 509 196 sogesse
528 129 587 183 est
605 127 640 182 le
659 125 819 196 premier
838 127 904 182 des
922 128 1038 182 biens.
1079 111 1084 126 ¹

236 217 331 298 (Quid
351 219 393 280 su
415 219 447 281 in
470 220 562 280 rebus
584 221 731 281 humanis
748 219 979 303 praecipuum.)

119 455 120 460 ἵ
150 369 234 445 Quid
248 379 437 459 praecipuum
457 380 489 439 13
508 381 600 438 rebus
620 379 760 439 humanis
781 382 851 439 est?
867 381 936 438 Non
957 379 1105 440 classibus
1119 378 1168 434 uh

113 475 205 536 maria
220 476 399 554 complesse,
424 477 530 536 necin
551 477 646 537 Rubri
667 477 758 536 maris
775 477 864 536 litore
884 478 969 556 signa
990 477 1103 548 fixisse,

112 593 166 630 nec
188 571 348 631 deliciente
371 580 450 632 terra
472 573 510 632 ad
530 574 657 653 injurias
678 595 793 633 errasse
811 574 842 631 in
861 575 982 632 Oceano
1001 573 1107 650 ignota

111 676 309 746 quaerentem,
336 669 388 727 sed
415 670 517 728 animo
538 671 642 729 omnia
664 671 787 738 vidisse,
805 678 845 738 et,
869 692 929 748 333
950 669 1033 728 nulla
1060 677 1109 727 est

110 765 208 843 major
230 765 370 837 victoria,
396 766 470 826 vitia
497 766 663 827 domuisse.
692 759 934 825 Innumerabiles
958 774 1030 824 sunt
1053 765 1117 845 qui

111 860 211 934 urbes,
236 861 289 941 qui
315 862 447 942 populos
470 863 645 922 habuerunt
665 865 696 922 13
722 871 890 942 potestate;
918 862 1106 942 paucissimi,

109 959 161 1036 qui
184 979 227 1018 se.
244 958 324 1025 Quid
340 967 386 1018 est
409 960 624 1040 praecipuum?
639 960 763 1036 Erigere
779 960 914 1018 33131313
930 980 1021 1038 supra
1037 978 1108 1037 pro-

110 1054 199 1114 missa
211 1055 354 1116 fortunae.
364 1057 442 1124 Quid
458 1058 539 1115 enim
549 1056 641 1115 habet
650 1056 788 1133 (lignum,
798 1056 880 1136 quod
889 1055 1110 1134 concupiscas?

110 1152 161 1231 331
180 1152 383 1211 adivinorum
399 1153 633 1213 conversatione
646 1154 767 1232 quoties
783 1153 820 1212 ad
836 1154 969 1211 11331333
991 1151 1109 1210 recide-

109 1249 161 1317 113,
188 1269 248 1307 303
274 1249 364 1322 aliter
387 1250 532 1326 caligabis
553 1271 644 1328 quam
669 1271 799 1329 quorum
822 1248 903 1308 oculi
929 1249 960 1307 in
982 1248 1107 1306 densam

110 1345 248 1402 umbram
273 1367 309 1404 ex
335 1345 416 1405 claro
442 1346 504 1405 sole
528 1346 693 1405 redierunt.
721 1347 801 1413 Quid
824 1354 870 1405 est
894 1345 1111 1425 praecipuum?

111 1443 204 1500 Posse
217 1442 289 1500 laeto
305 1443 407 1501 animo
422 1443 552 1501 adversa'
566 1443 710 1503 tolerare:
728 1443 877 1522 quidquid
893 1441 1049 1515 acciderit,
1063 1440 1110 1498 sic

112 1539 201 1608 serre,
216 1539 303 1617 quasi
318 1539 373 1599 tihi
390 1539 524 1598 volueris
539 1539 686 1598 accidere.
703 1540 869 1598 Debuisses
882 1559 962 1597 enim
975 1539 1062 1606 velle,
1082 1525 1109 1595 si

108 1635 217 1694 scisses
242 1632 344 1694 omnia
364 1657 399 1695 ex
423 1637 547 1696 decreto
569 1637 625 1695 Dei
647 1637 722 1696 liert
747 1637 843 1711 Flere,
866 1637 964 1715 queri,
987 1657 1110 1712 gemere

108 1732 276 1790 desciscere
299 1738 354 1792 est.
382 1732 461 1799 Quid
487 1741 532 1791 est
558 1733 774 1812 praecipuum?
802 1733 869 1790 Non
892 1733 1053 1792 admittere
1075 1733 1109 1791 in

108 1828 210 1886 animo
221 1829 300 1886 mala
310 1830 446 1898 consilia,
461 1851 551 1909 puras
563 1829 600 1888 ad
616 1829 724 1888 caelum
736 1850 843 1887 manus
855 1829 1011 1887 extollere.
1027 1829 1110 1896 Quid

107 1933 153 1983 est
195 1925 412 2004 praecipuum?
443 1927 531 1985 Altos
556 1947 647 2005 supra
670 1926 797 1984 fortuita
822 1926 947 2004 spiritus
974 1926 1109 1998 tollere;

105 2021 437 2089 11031131313313131330,
447 2030 491 2094 ut,
502 2024 566 2082 sive
574 2023 648 2082 felix
659 2023 728 2092 3313,
742 2022 818 2080 33133
827 2023 885 2080 hoc
897 2043 957 2081 303
969 2023 1109 2081 luturunx

106 2117 171 2189 diu,
193 2117 257 2176 sive
273 2119 390 2189 infelix,
405 2119 483 2178 scias
498 2120 557 2179 hoc
573 2128 601 2178 te
615 2140 676 2178 non
696 2140 771 2190 3333,
788 2119 814 2176 31
830 2115 890 2177 3011
907 2127 1007 2198 putes.
1027 2119 1109 2185 Quid

106 2223 153 2274 est
179 2215 396 2295 praecipuum?
419 2217 453 2274 ln
479 2217 585 2296 primis
612 2217 703 2274 labris
727 2217 860 2276 animam
884 2215 1005 2275 habere.
1032 2216 1111 2274 Haec

105 2333 155 2370 res
169 2313 263 2370 efficit
278 2334 338 2370 303
351 2334 366 2370 0
375 2313 446 2392 jure
462 2313 626 2380 Quiritium
641 2313 782 2385 liberum,
800 2313 852 2371 sed
866 2312 961 2392 ejure
977 2321 1108 2371 naturae.

109 2409 200 2467 Liber
214 2415 317 2468 autem
334 2410 446 2489 estqui
462 2411 643 2469 servitutem
657 2431 742 2468 33313
758 2410 876 2488 effugit.

190 2585 278 2643 443.
298 2587 369 2642 Les
387 2599 498 2642 voeux
518 2600 586 2655 que
607 2599 699 2643 nous
719 2587 857 2642 devons
877 2586 1024 2644 former.

315 2680 413 2762 (Quae
435 2689 503 2741 vota
524 2681 684 2762 concipere
709 2681 898 2762 debeamus.)

188 2839 238 2897 Nil
261 2860 334 2917 ergo
355 2839 507 2919 optabunt
529 2840 751 2898 1101313331-
773 2840 804 2898 Si
826 2839 986 2898 consilium
1009 2840 1065 2908 313,
1121 2851 1163 2906 er

147 2936 312 2995 Permittes
332 2937 406 3016 ipsis
428 2937 598 3015 expendere
620 2936 798 2995 numinibus
820 2937 894 3016 quid

147 3031 322 3092 Conveniat
344 3034 432 3092 nobis
453 3034 605 3112 rebusque
627 3034 667 3092 sit
688 3034 761 3092 utile
784 3033 906 3092 3031113.

148 3129 224 3188 Nam
248 3149 304 3208 pro
321 3129 468 3209 jucundis
491 3130 647 3210 aptissima
669 3151 808 3209 quaeque
830 3129 948 3188 dabunt
970 3131 1011 3188 di.

147 3225 256 3284 Carior
277 3235 323 3285 est
344 3226 404 3286 illis
427 3227 530 3298 110130,
554 3247 645 3307 33313
668 3227 736 3286 sibi.
762 3227 824 3284 Nos
846 3227 1018 3285 animorum

149 3322 288 3401 lmpulsu
310 3329 340 3381 ct
361 3344 450 3382 caeca
472 3344 642 3403 magnaque
664 3323 808 3403 cupidine
830 3323 914 3381 ducti

146 3419 337 3498 Conjugium
360 3421 493 3499 petimus
515 3429 698 3500 partumque
720 3421 838 3489 uxoris:
862 3427 892 3478 at
914 3419 974 3478 illis

145 3516 263 3575 Notum
286 3517 338 3595 qui
360 3517 446 3595 pueri
469 3517 627 3597 qualisque
650 3518 753 3575 sutura
775 3517 815 3575 sit
836 3538 924 3575 uxor.
1041 3507 1044 3512 ¹

147 3613 190 3672 Ut
211 3620 314 3671 tamen
336 3621 366 3671 et
387 3634 495 3692 poscas
517 3613 633 3692 aliquid
655 3635 828 3693 voveasque
850 3613 967 3672 sacellis

147 3709 226 3768 Exta
249 3717 279 3768 et
300 3710 457 3769 candiduli
479 3711 583 3768 divina
605 3710 757 3769 tomacula
779 3710 875 3789 porci,

150 3813 189 3856 Vde
198 3815 276 3866 prives
286 3813 324 3855 des
335 3815 450 3857 Itomains.
583 3870 628 3921 3⁹1
