2656 4258
313 145 427 184 NOBLES.
450 159 491 168 -
511 128 669 183 Phnebieus.
693 159 732 169 -·
751 145 940 184 AFFRANClllS.
963 159 1002 168 -
1023 133 1162 182 Esetavns

227 316 232 327 ,
300 256 438 315 Libertas
461 264 524 316 tam
545 277 639 336 parva
662 257 753 316 diem.
777 256 886 315 Nonne
909 256 1052 315 horridus
1073 249 1144 314 inde
1217 317 1220 326 ¹

299 353 420 411 Invidia
441 373 569 432 superos
591 353 766 432 injustaque
788 353 913 411 Tartara
935 353 1079 432 pulsem?

298 449 409 508 Nonne
429 469 550 528 gemam
570 456 612 524 te,
635 471 705 508 care
721 453 823 529 puer?
844 470 907 530 quo
928 450 1042 530 sospite
1064 456 1152 508 natos

226 613 230 626 .
298 546 368 604 Non
389 547 481 626 cupii,
510 547 610 626 primo
629 547 770 624 genitum
791 567 883 626 quem
904 547 1047 626 protinus
1068 553 1138 605 ortu

226 687 228 694 s
298 643 440 722 lmplicui
462 643 577 723 fixique
598 643 684 716 mihi,
708 644 758 702 cui
779 644 873 706 verba
894 663 1047 723 sonosque

227 811 229 821 Ι
297 739 469 798 Monstravi
490 747 679 820 questusque
700 748 731 798 et
752 761 908 799 murmura
930 762 1010 799 caeca
1031 741 1200 814 resolvens

221 887 226 899 .
296 835 546 917 Reptantemque
567 836 632 896 solo
655 837 807 896 demissus
824 837 866 896 ad
888 838 991 896 oscula
1014 837 1119 896 dextra

297 933 397 1006 Erexi,
422 933 595 1013 blandoque
617 934 686 992 sinu
706 935 771 1014 jam
790 933 916 1014 jamque
937 935 1081 994 cadentes
1163 993 1166 998 .

222 1051 225 1081 τ
296 1029 464 1109 Exceptare
487 1029 766 1118 genasldulce'sque
789 1051 943 1090 accersere
966 1051 1100 1090 somnos

220 1173 223 1182 .
296 1126 354 1184 Cui
377 1146 489 1184 nomen
510 1147 572 1185 vox
592 1127 691 1206 prima
713 1148 815 1186 meum
838 1127 990 1207 ludusque
1010 1126 1124 1186 tenello

220 1278 222 1283 .
295 1221 399 1296 Risus,
423 1229 454 1282 et
474 1243 492 1281 a
514 1229 621 1283 nostro
644 1223 810 1283 veniebant
830 1223 941 1305 gaudia
963 1223 1062 1284 vultu.
1136 1277 1138 1280 ,

448 1442 508 1501 94.
527 1445 583 1499 En
602 1443 735 1501 faveur
759 1446 825 1502 des
845 1426 1032 1502 esclave&-

630 1549 704 1630 (Pro
726 1548 847 1630 seroie.)

168 1709 224 1772 nh,
274 1678 420 1758 Libenter
435 1698 569 1777 cognovi
581 1707 610 1758 te
623 1699 816 1758 familiariter
830 1720 900 1758 cum
916 1700 1013 1759 servis
1025 1700 1087 1758 tuis
1104 1699 1211 1758 vivere
1231 1717 1237 1758 ε
1314 1763 1315 1772 ¹

233 1795 292 1854 hoc
307 1795 503 1875 prudentiam
517 1804 613 1868 tuam,
631 1795 690 1855 hoc
705 1795 911 1855 eruditionem
924 1797 1025 1856 decet.
1042 1797 1129 1855 Servi
1146 1799 1240 1855 sunt?
1314 1815 1315 1852 l

232 1893 328 1951 immo
352 1893 502 1953 homines.
526 1893 612 1951 Servi
634 1895 731 1952 sunt?
755 1893 850 1951 immo
875 1893 1125 1952 contubernales,
1151 1894 1239 1951 Servi

231 1991 328 2048 sunt?
347 1989 442 2048 immo
460 1976 591 2050 humiles
611 1989 713 2048 amici.
737 1989 825 2048 Servi
846 1991 942 2048 sunt?
968 1990 1063 2048 immo
1085 1991 1237 2063 conservi,

232 2086 258 2143 si
285 2087 470 2164 cogitaveris
506 2085 699 2144 tantumdem
715 2086 747 2144 in
779 2093 927 2166 utrosque
968 2086 1059 2145 licere
1093 2085 1238 2146 fortunae.
1314 2097 1315 2100 ’

233 2182 339 2261 ltaque
363 2181 448 2240 rideo
475 2183 550 2240 istos
576 2182 630 2261 qui
660 2189 749 2262 turpe
772 2183 949 2241 existimant
970 2202 1039 2242 cum
1067 2202 1156 2240 servo
1183 2203 1239 2241 suo
1314 2253 1315 2274 χ

221 2297 359 2346 cenare:
377 2299 470 2359 quare
482 2281 496 2338 ‘3
509 2279 569 2336 nisi
584 2279 656 2358 quia
672 2279 891 2358 superbissima
906 2279 1101 2338 consuetudo
1115 2280 1239 2338 cenanti

232 2375 359 2434 domino
379 2375 527 2433 stantium
544 2395 704 2434 servorum
726 2375 847 2434 turbam
870 2375 1086 2434 circumdedit.
1112 2375 1166 2433 Est
1187 2375 1239 2433 illc

231 2471 409 2552 plusquam
431 2472 529 2550 capit;
544 2479 575 2530 at
592 2472 770 2530 infelicibus
786 2472 882 2530 servis
900 2493 1024 2531 movere
1042 2473 1127 2530 labra
1150 2493 1187 2530 ne
1207 2473 1238 2531 in

224 2569 291 2626 boc
301 2568 437 2649 quidem,
453 2569 672 2648 utloquantur‚
688 2569 772 2628 licet.
789 2569 883 2646 Virga
895 2589 1034 2627 murmur
1049 2589 1139 2627 omne
1152 2589 1239 2627 com.-

231 2666 381 2744 pescitur;
402 2672 432 2723 et
452 2686 489 2724 ne
507 2666 633 2724 fortuita
657 2665 783 2745 quidem
803 2665 983 2724 verberibus
1004 2671 1132 2744 excepta
1151 2674 1235 2738 sunt,

156 2827 158 2836 Ι
231 2763 333 2836 tussis,
353 2769 606 2834 sternutamenta,
629 2761 793 2840 singultus.
808 2763 859 2820 Sic
876 2763 911 2820 fit
927 2771 961 2821 ut
980 2763 1032 2820 isti
1053 2762 1090 2820 de
1110 2761 1239 2821 domino

230 2859 405 2940 loquantur,
424 2859 536 2939 quibus
553 2879 656 2918 coram
670 2859 795 2917 domino
814 2859 899 2940 loqui
917 2879 979 2916 non
1000 2859 1081 2918 licet.
1105 2862 1146 2917 At
1163 2859 1238 2918 olim

230 2957 288 3029 illi,
305 2956 418 3036 quibus
434 2976 495 3014 non
511 2962 632 3013 tantum
650 2975 753 3014 coram
769 2955 912 3029 dominiS,
931 2955 984 3014 sed
1000 2977 1069 3015 cum
1086 2957 1157 3035 ipsis
1171 2963 1239 3015 crat

228 3070 341 3126 se'rm0,
369 3073 500 3133 quorum
529 3073 562 3110 os
592 3048 665 3111 non'
682 3053 898 3122 consuebatur,
937 3053 1034 3132 parati
1064 3060 1151 3110 erant
1180 3073 1238 3131 pro

228 3149 354 3208 domino
372 3149 527 3228 porrigere
545 3150 707 3221 cervicem,
725 3150 896 3229 periculum
916 3149 1081 3208 imminens
1098 3149 1130 3206 in
1143 3157 1239 3229 caput

229 3267 319 3304 suum
334 3253 482 3306 avertere.
499 3245 536 3304 ln
549 3247 700 3304 conviviis
717 3247 932 3326 loquebantur,
948 3247 1004 3305 sed
1023 3247 1054 3304 in
1074 3248 1238 3306 tormentis

229 3342 381 3402 tacebant.
397 3343 487 3402 Dicet
513 3343 624 3422 aliquis
642 3363 724 3401 nunc
741 3363 789 3402 me
805 3363 915 3401 vocare
931 3343 968 3402 ad
984 3343 1100 3421 pileum
1114 3363 1234 3417 servm,

229 3447 261 3496 et
283 3438 424 3497 dominos
449 3439 486 3498 de
511 3439 635 3517 fastigio
655 3459 710 3497 suo
731 3439 874 3519 dejicere,
896 3439 980 3519 quod
1004 3439 1068 3496 dixi
1092 3464 1106 3494 «
1130 3439 1238 3500 colant

229 3535 333 3614 potius
344 3535 514 3608 dominum,
527 3557 618 3616 quam
631 3537 760 3595 timeant
777 3562 803 3596 ».
822 3537 890 3594 Hoc
905 3537 957 3615 qui
972 3536 1094 3608 dixerit,
1109 3535 1238 3595 oblivis-

229 3639 316 3708 cetur
330 3630 361 3690 id
380 3631 512 3690 dominis
527 3654 635 3711 parum
649 3655 709 3691 non
729 3654 793 3691 esse
816 3633 899 3713 quod
916 3633 981 3691 lleo
1002 3633 1075 3690 satis
1095 3640 1151 3698 cst.
1179 3634 1237 3714 qui

229 3729 343 3788 colitur
363 3739 394 3787 et
411 3735 551 3788 amatur:
571 3750 631 3786 non
651 3738 754 3808 potest
773 3751 858 3788 amor
880 3751 949 3788 cum
968 3730 1078 3789 timore
1097 3729 1237 3790 misceri.
1314 3761 1315 3774 1
