2670 4252
499 177 697 216 ursrnucmou.
721 192 760 200 -
781 159 951 218 tuucsrrou.

218 290 384 368 excepisse,
402 310 470 368 quae
488 288 594 348 relicta
613 297 712 362 erant,
737 289 789 347 sed
809 288 847 346 ad
865 287 1099 369 prosopopoeias
1121 308 1217 368 usque

217 407 253 444 ac
276 386 438 458 suasoriaS,
463 387 494 443 in
519 387 631 466 quibus
655 407 733 444 onus
757 385 881 443 dicendi
904 385 953 442 vel
974 386 1140 444 maximum
1158 391 1216 460 cst,

173 488 194 558 J
217 483 403 562 irrumpunt.
432 483 514 542 Hinc
528 504 602 560 ergo
618 483 730 542 accidit
748 490 783 541 ut
802 503 870 562 quae
890 481 1015 541 alterius
1029 483 1103 540 artis
1118 481 1217 561 prima

217 588 305 639 erant
324 601 428 659 opera,
450 580 531 639 facta
555 581 616 638 sint
638 581 763 639 alterius
782 579 960 654 novissima,
984 587 1015 638 et
1030 587 1104 638 aetas
1127 578 1218 638 altio-

217 676 302 736 ribus
316 677 380 756 jam
402 678 571 757 disciplinis
589 677 692 737 debita
711 678 741 735 in
762 677 866 736 schola
884 677 1004 735 minore
1020 676 1159 736 subsidat
1182 695 1218 735 ac

216 769 390 833 rhetoricen
408 775 491 854 apud
508 776 724 853 grammaticos
745 782 895 833 exerceat.
917 774 980 832 Nos
998 794 1087 832 suum
1106 773 1218 852 cuique

215 870 401 951 professioni
431 853 557 930 modum
591 871 710 932 demus,
746 871 785 929 Et
812 870 1010 948 grammatice
1041 871 1117 928 lines
1146 891 1218 928 suos

216 967 309 1042 norit,
326 975 357 1026 et
371 968 523 1027 rhetorice
541 969 603 1047 (cui
620 989 732 1026 nomen
754 968 799 1026 vis
816 967 981 1046 eloquendi
1000 966 1098 1047 dedit)
1118 966 1217 1025 officia

215 1086 270 1124 sua
284 1085 345 1123 non
369 1065 519 1123 detrectet
536 1086 592 1124 nec
605 1065 748 1144 occupari
763 1065 896 1142 gaudeat
911 1063 1116 1143 pertinentem
1131 1063 1170 1122 ad
1186 1084 1218 1122 se

215 1160 361 1234 laborem,
386 1182 465 1242 quae,
491 1162 564 1219 dum
589 1182 681 1241 opere
705 1162 798 1235 cedit,
819 1161 884 1240 jam
908 1181 998 1240 paene
1024 1159 1217 1240 possessione

215 1257 344 1336 depulsa
362 1266 419 1320 est.

358 1515 446 1570 chez
466 1515 499 1570 le
518 1503 737 1584 professeur
756 1517 800 1571 de
814 1514 1051 1584 grammaire.

244 1616 303 1698 (De
325 1616 516 1699 quibusdam
538 1619 666 1678 dicendi
680 1617 869 1700 primordiis
892 1639 961 1700 quac
982 1616 1184 1700 grammatica

515 1736 629 1796 pueros
651 1715 760 1775 docere
781 1715 918 1794 dehent.)

148 1883 188 1946 3e
256 1873 364 1932 Finitae
382 1874 505 1954 quidem
518 1882 589 1933 sunt
602 1883 703 1954 partes
721 1875 801 1948 duae,
817 1896 892 1954 quas
905 1874 971 1933 haec
984 1874 1137 1954 professio
1149 1872 1218 1953 pol-

215 1970 336 2043 licetur,
353 1971 444 2029 idest
462 1973 541 2030 ratio
554 1972 699 2053 loquendi
714 1980 746 2030 et
764 1973 917 2030 enarratio
937 1979 1110 2030 auctorum.
1129 1970 1219 2050 Adji-

216 2068 332 2127 ciamus
367 2077 468 2127 tamen
487 2090 593 2128 eorum
613 2089 694 2128 curae
717 2069 856 2148 quaedam
883 2068 1007 2127 dicendi
1035 2067 1215 2148 primordia,

214 2165 328 2244 quibus
360 2173 464 2223 aetates
492 2167 628 2225 nondum
662 2165 816 2224 rhetorem
849 2165 1005 2245 capientes
1036 2165 1215 2225 instituant.

203 2263 314 2339 flgitur
333 2263 443 2341 AEsopi
466 2262 604 2336 fabellas,
621 2283 690 2342 quae
706 2263 819 2321 fabulis
834 2262 1059 2321 nutricularum
1077 2263 1218 2342 proxime

214 2357 396 2427 succedunt,
412 2380 534 2417 narrare
551 2380 691 2418 sermone
707 2367 828 2439 puroet
844 2359 919 2416 nihil
936 2380 968 2418 se
982 2379 1074 2438 supra
1088 2359 1216 2417 modum

214 2455 389 2526 extollente,
410 2455 521 2514 deinde
541 2456 678 2515 eamdem
702 2455 905 2534 gracilitatem
921 2455 990 2514 stilo
1006 2455 1127 2534 exigere
1142 2476 1218 2514 con-

213 2551 353 2624 discant,
376 2573 484 2611 versus
505 2555 604 2632 primo
630 2553 758 2626 solvere,
774 2574 843 2611 mox
868 2553 994 2610 mutatis
1008 2552 1111 2610 verbis
1123 2553 1218 2611 inter-

213 2649 339 2727 pretari,
356 2656 421 2707 tum
441 2649 622 2729 paraphrasi
642 2651 789 2709 audacius
805 2657 932 2721 vertere,
950 2656 1056 2728 quaet
1076 2649 1217 2707 breviare

212 2731 355 2825 quaedam
368 2753 399 2804 et
410 2767 568 2818 exornare,
581 2749 665 2805 salvo
681 2747 880 2825 modopoetae
896 2766 998 2819 sensu,
1013 2745 1215 2826 permittitur.

210 2841 300 2910 Quod
313 2863 402 2922 opus,
418 2844 510 2901 ctiam
531 2844 752 2914 consummatis
774 2843 999 2922 professoribus
1014 2843 1150 2913 difficile,
1163 2843 1217 2922 qui

210 2936 372 2994 commode
394 2937 585 3009 tractaverit,
610 2937 793 3016 cuicumque
812 2936 959 2994 discendo
975 2937 1116 2994 sufficiet.
1140 2936 1218 2994 Sen-

211 3032 316 3091 tentiae
346 3054 469 3113 quoque
499 3041 529 3091 et
553 3033 646 3092 chriae
664 3040 695 3091 et
720 3032 882 3110 ethologiae
902 3032 1048 3111 subjectis
1061 3033 1217 3091 dictorum

211 3129 383 3188 rationibus
403 3131 485 3209 apud
506 3131 723 3208 grammaticos
743 3129 926 3200 scribantur,
944 3131 1016 3208 quia
1033 3129 1156 3188 initium
1179 3150 1219 3189 ex

210 3226 342 3285 lectione
358 3228 493 3298 ducunt;
509 3248 640 3308 quorum
658 3227 796 3286 omnium
813 3226 921 3284 similis
933 3232 979 3284 est
1000 3226 1093 3298 ratio,
1116 3226 1217 3286 forma

209 3321 342 3394 diversa,
360 3323 432 3401 quia
457 3323 609 3381 sententia
630 3322 812 3381 universalis
830 3330 876 3381 est
890 3342 961 3396 vox,
977 3321 1132 3398 ethologia
1147 3343 1218 3401 per-

209 3419 293 3477 sonis
323 3419 510 3478 continetur.
540 3419 704 3478 Chriarum
737 3419 826 3499 plura
860 3440 971 3498 genera
1008 3419 1175 3478 traduntur
1207 3438 1215 3481 ζ

211 3537 307 3576 unum
317 3515 421 3573 'simile
433 3517 605 3588 sententiae,
624 3517 707 3597 quod
726 3522 771 3574 est
786 3517 921 3595 positum
936 3517 969 3574 in
983 3537 1058 3575 voce
1070 3516 1215 3595 simplici,

209 3611 299 3684 Dixit
316 3611 385 3686 ille3
399 3612 540 3680 alterum,
556 3613 639 3692 quod
652 3613 740 3672 estin
755 3613 982 3692 respondenda,
997 3614 1217 3694 Interrogatus

208 3710 264 3767 ille
289 3729 296 3783 ;
327 3709 453 3766 tertium
487 3709 560 3767 huic
592 3731 654 3768 non
684 3709 843 3780 dissimile,
877 3709 956 3770 Cum
980 3708 1052 3790 quir
1078 3707 1217 3770 dixisset

206 3803 345 3884 aliquid.

559 3951 560 3957 ,
641 3933 676 3943 -
694 3905 727 3956 28
745 3933 781 3942 -—

1324 469 1325 539 l

267 1426 328 1482 40.
349 1427 422 1482 Des
441 1425 631 1483 exercices
642 1424 767 1483 'ecrits
789 1440 857 1495 que
876 1427 948 1482 l’on
967 1426 1044 1483 dott
1066 1425 1163 1482 fatre
