2656 4258
601 137 606 142 '
630 151 716 189 onom
738 136 820 189 rmvu

320 597 402 654 175.
422 598 555 655 contre
575 600 614 655 la
634 599 877 669 superstition
897 601 963 668 des
982 601 1078 656 mots
1097 611 1143 655 en

580 687 876 756 jurisprudence.

278 909 409 991 (Lepum
431 913 617 974 sententiam
635 913 742 996 potius
765 935 861 996 quam
883 912 978 974 verba
999 913 1197 997 sequamur.)

163 1245 219 1305 ml·
271 1265 346 1332 Quae
379 1266 441 1338 lex,
467 1267 551 1348 quod
581 1268 895 1342 senatusconsultum,
926 1267 1238 1348 quod-,magistratus

232 1353 379 1431 edictum,
396 1363 480 1442 quod
496 1363 599 1422 loedus
619 1371 673 1422 aut
689 1365 801 1444 pactio,
819 1364 902 1444 quod
916 1369 1152 1435 testamentum,
1166 1383 1238 1443 quae

229 1458 356 1538 judicia,
380 1465 435 1518 aut
458 1459 684 1539 stipulationes
705 1468 759 1519 aut
779 1461 861 1540 pacti
884 1468 914 1520 et
934 1459 1080 1519 conventi
1104 1459 1236 1518 formula

233 1576 292 1612 non
314 1555 664 1615 infirmariautconvelli
685 1564 797 1635 potest,
821 1557 846 1615 si
864 1557 902 1616 ad
925 1556 1018 1616 verba
1037 1577 1102 1614 rem
1126 1555 1238 1613 dellec-

232 1659 297 1710 tere
318 1651 459 1724 velimus,
479 1653 641 1712 consilium
666 1659 768 1713 autem
791 1675 896 1712 eorum
917 1654 970 1733 qui
993 1653 1184 1733 scripserunt
1207 1658 1239 1710 et

233 1749 382 1807 rationem
401 1751 663 1811 etauctoritatem
684 1747 915 1830 relinquamus?
935 1739 1040 1810 Sermo
1062 1747 1238 1807 mehercule

233 1845 436 1906 etfamiliaris
456 1853 487 1926 et
505 1847 706 1926 quotidianus
723 1867 785 1905 non
805 1846 982 1918 cohaerebit,
1002 1847 1026 1904 si
1045 1845 1137 1904 verba
1158 1845 1239 1904 inter

234 1962 289 2000 nos
301 1943 534 2022 aucupabimur.
554 1944 694 2022 Denique
714 1944 876 2023 imperium
897 1943 1099 2002 domesticum
1117 1941 1236 2000 nullum

233 2039 301 2111 erit,
323 2039 347 2097 si
364 2039 506 2098 ,servulis
530 2040 588 2098 hoc
611 2041 725 2100 nostris
752 2041 994 2099 concesserimus
1017 2047 1051 2097 ut
1082 2039 1119 2097 ad
1144 2037 1237 2098 verba

235 2136 324 2194 nobis
342 2137 511 2209 oboediant,
529 2158 591 2195 non
608 2137 647 2196 ad
665 2137 695 2195 id
711 2138 794 2216 quod
812 2158 848 2195 ex
866 2137 967 2195 verbis
983 2135 1119 2213 intellegi
1137 2136 1237 2214 possit

233 2233 459 2312 obtemperent.
488 2233 644 2312 Exemplis
673 2255 756 2292 nunc
781 2235 825 2292 uti
849 2234 992 2293 videlicet
1016 2233 1092 2291 mihi
1114 2253 1240 2291 necesse

233 2335 282 2387 est
303 2329 411 2388 harum
436 2351 537 2389 rerum
565 2331 726 2390 omnium‘l
744 2332 812 2389 Non
833 2331 967 2389 occurrit
985 2330 1152 2408 unicuique
1174 2350 1241 2387 ves-

234 2433 316 2484 trum
327 2425 415 2486 aliud
429 2425 478 2484 alii
490 2427 520 2484 in
537 2427 619 2485 omni
634 2448 743 2504 genere
760 2427 944 2506 exemplum,
961 2427 1044 2506 quod
1060 2425 1241 2484 testimonio

234 2523 285 2594 sit,
307 2543 369 2580 non
394 2543 430 2580 ex
450 2523 551 2580 verbis
573 2531 679 2602 aptum
702 2524 834 2603 pendere
852 2525 914 2604 jus
932 2523 985 2582 sed
1007 2521 1100 2582 verba
1123 2522 1241 2580 servire

236 2619 398 2678 hominum
414 2619 549 2681 consiliis
565 2627 595 2678 et
611 2621 868 2680 auctoritatibus?
884 2621 998 2680 Ornate
1013 2627 1044 2680 et
1058 2619 1184 2698 copiose
1195 2619 1238 2683 L.

236 2715 377 2789 Crassus,
400 2716 493 2775 bomo
517 2717 608 2795 longe
629 2716 911 2796 eloquentissimus,
932 2717 1025 2796 paulo
1050 2724 1120 2776 ante
1144 2737 1239 2798 quam

236 2833 291 2871 nos
302 2812 333 2871 in
345 2813 443 2872 forum
456 2814 596 2872 venimus
606 2813 723 2892 judicio
735 2813 949 2872 centumvirali
962 2813 1041 2872 hanc
1053 2814 1240 2882 sententiam

236 2909 384 2980 defendit,
400 2917 430 2969 et
445 2911 542 2968 lacile.
560 2931 631 2968 cum
647 2917 754 2968 contra
772 2931 841 2969 eum
858 2910 1117 2989 prudentissimus
1132 2909 1240 2980 h0m0,

237 3005 273 3074 Q.
300 3007 423 3066 Mucius
443 3007 569 3078 diceret,
591 3006 736 3085 probavit
760 3007 914 3078 omnibuS,
939 3006 992 3066 Μ’.
1018 3006 1160 3077 Curium,
1187 3005 1241 3085 qui

237 3105 325 3163 heres
341 3104 502 3161 institutus
519 3109 598 3161 esset
613 3103 665 3174 ita,
684 3111 806 3163 mortuo
819 3111 964 3182 postumo
978 3102 1052 3174 filio,
1072 3122 1143 3161 cum
1158 3102 1243 3162 filius

237 3221 299 3259 non
314 3201 406 3258 modo
420 3221 483 3258 non
498 3208 650 3272 mortuuS,
668 3200 721 3258 sed
742 3221 779 3258 ne
799 3207 890 3259 natus
903 3200 1027 3279 quidem
1046 3207 1136 3269 esset,
1155 3199 1244 3258 bere-

237 3298 305 3356 dem
326 3318 391 3355 esse
410 3304 563 3376 oportere.
584 3296 813 3362 Quileerbis
834 3297 907 3356 satis
927 3296 985 3355 hoc
1005 3304 1130 3355 cautum
1152 3299 1246 3357 erat?

236 3393 376 3454 Minime.
399 3394 473 3460 Quae
493 3415 541 3452 res
559 3393 654 3472 igitur
675 3393 795 3454 valuit?
814 3395 982 3456 voluntas:
1005 3414 1073 3473 quae
1093 3393 1117 3450 si
1138 3394 1245 3453 tacitis

237 3491 387 3550 nobis
340 3512 372 3547 m
375 3489 477 3568 ellogr
499 3497 614 3569 posset,
592 3490 735 3547 verbis
750 3510 876 3548 omnmo
892 3511 954 3548 non
979 3499 1149 3558 uteremum
1168 3489 1241 3569 quia

237 3607 311 3645 non
315 3593 428 3666 potest,
448 3587 541 3646 verba
561 3594 681 3665 reperta
704 3595 785 3659 sunt,
806 3607 867 3648 non
888 3607 956 3666 quae
976 3586 1172 3708 impedirent,
1189 3586 1244 3645 sed

236 3703 306 3767 quae
321 3683 495 3741 indicarent
508 3682 710 3742 voluntatem.

662 3869 818 3923 -ua-
