2670 4252
325 176 439 215 hoines.
461 191 500 200 -
521 160 680 217 Ptbfflitun's.
704 191 743 202 ··-
763 177 952 243 Al'l'RANClllS.
974 189 1014 200 -·
1035 168 1177 214 ESCLAVES'

173 359 178 371 Ι
249 289 403 348 bebatur?
418 288 657 348 Pronuntiemus
672 288 752 348 ultro
763 289 921 349 dominum
929 289 999 368 jure
1012 309 1125 348 caesum
1138 288 1246 347 videri.

248 387 398 464 Suspecta
414 385 581 464 majoribus
597 386 710 444 nostris
726 385 810 444 luere
828 386 951 463 ingenia
968 405 1138 458 servorum,
1157 386 1247 444 etiam

180 515 185 525 ‹
248 502 319 541 cum
330 482 361 540 in
372 481 452 558 agris
465 489 518 541 aut
533 481 675 541 domibus
688 482 794 541 iisdem
808 490 1016 554 nascerentur,
1029 483 1249 562 caritatemque

248 577 445 638 dominorum
461 580 565 638 statim
578 580 763 658 acciperent.
784 581 951 659 Postquam
969 600 1043 638 vero
1066 580 1206 638 nationes
1219 580 1249 636 in

248 675 373 736 familiis
393 677 550 747 habemus,
571 676 683 756 quibus
701 676 813 759 diversi
834 677 922 746 ritus,
942 683 1067 734 externa
1090 696 1176 735 sacra
1197 683 1251 735 aut

249 771 331 832 nulla
351 780 433 845 sunt,
455 773 618 832 colluviem
641 773 730 831 istam
750 773 873 831 nonnisi
895 779 980 835 metu
1002 773 1186 833 coercueris
1210 776 1252 831 At

248 869 373 952 quidam
389 870 526 928 insontes
546 868 702 950 peribunt.
722 870 800 928 Nam
818 877 849 928 et
868 890 905 927 ex
924 869 993 928 fuso
1013 869 1162 940 exercitu,
1180 891 1251 928 curn

248 965 386 1026 decimus
413 967 542 1046 quisque
564 966 638 1025 lusti
658 966 777 1040 feritur,
807 966 899 1024 etiam
925 966 1042 1024 strenui
1065 967 1249 1027 sortiuntur.

250 1063 352 1122 Habet
370 1061 487 1143 aliquid
504 1083 541 1122 ex
561 1063 668 1142 iniquo
682 1082 772 1121 omne
790 1083 935 1141 magnum
955 1063 1141 1142 exemplum,
1166 1065 1252 1143 quod
1300 1120 1305 1129 ,

247 1166 356 1220 contra
374 1160 510 1238 singulos
528 1160 661 1219 utilitate
676 1159 798 1239 publica
816 1159 1007 1240 rependitur.
1034 1183 1048 1215 n

247 1469 307 1528 84.
320 1470 435 1527 Rome·
447 1467 602 1554 envehte
621 1481 693 1538 per
707 1468 763 1525 les
777 1469 893 1526 (trees
908 1469 945 1525 et
961 1469 1017 1525 les
1030 1467 1249 1527 Orientaux.

349 1598 386 1680 (A
410 1597 538 1660 Graecis
559 1606 588 1659 et
610 1598 826 1660 Orientalibus
851 1598 1011 1660 invaditur
1030 1599 1151 1680 Roma.)

180 1792 234 1850 nh.
248 1787 325 1854 Quae
347 1806 429 1845 nunc
451 1784 601 1844 divitibus
623 1805 697 1864 gens
721 1785 935 1864 acceptissima
958 1785 1082 1856 nostris,

250 1884 288 1942 Et
309 1902 387 1962 quos
408 1883 562 1962 praecipue
585 1882 712 1960 fugiam,
736 1882 910 1961 properabo
932 1882 1030 1955 lateri,
1053 1913 1055 1917 r

248 1980 311 2039 Nec
334 1979 434 2058 pudor
454 1979 599 2039 obstabit.
625 1979 694 2036 Non
716 1999 841 2058 possum
864 1978 953 2053 ferre,
978 1979 1123 2049 Quirites,

247 2075 388 2137 Graecam
413 2074 537 2135 Urbem.
561 2075 707 2143 Quamvis
729 2082 823 2154 quota
846 2076 948 2155 portio
970 2074 1055 2134 faecis
1077 2075 1216 2134 Achaei?

246 2172 436 2252 iampridem
459 2173 553 2252 Syrus
575 2173 607 2230 in
629 2172 761 2230 Tiberim
785 2172 916 2231 delluxit
938 2171 1080 2242 Orontes,

249 2269 288 2328 Et
309 2270 455 2347 linguam,
480 2274 510 2327 et
532 2289 642 2342 mores,
667 2277 697 2327 et
719 2289 789 2327 cum
813 2268 939 2328 tibicine
961 2269 1092 2328 chordas

248 2365 407 2444 Obliquas,
432 2383 488 2424 nec
511 2385 573 2424 non
595 2366 721 2444 gentilia
744 2372 891 2444 tympana
914 2366 1010 2426 vexit.

250 2462 308 2520 Hic
331 2461 390 2519 alta
412 2462 554 2541 Sicyone,
578 2468 625 2519 ast
647 2462 697 2521 hic
719 2462 880 2541 Amydone
903 2462 1019 2537 relicta,

249 2559 308 2618 Hic
330 2559 446 2628 Andr0,
471 2557 521 2617 ille
543 2559 645 2631 Samo,
670 2558 720 2617 hie
741 2558 893 2617 Trallibus
914 2565 968 2617 aut
990 2558 1176 2626 Alabandis,

249 2655 400 2734 Esquilias
422 2655 602 2734 dictumque
624 2661 736 2735 petunt
757 2675 773 2712 a
795 2655 909 2713 vimine
931 2655 1051 2726 collem,

247 2753 372 2810 Viscera
395 2771 575 2830 magnarum
598 2751 745 2812 domuum
769 2751 946 2831 dominique
969 2751 1076 2811 luturi.

249 2850 410 2927 Ingenium
432 2849 532 2919 velox,
557 2848 683 2907 audacia
705 2848 836 2927 perdita,
860 2868 960 2906 sermo
1141 2927 1143 2931 Δ

249 2946 415 3025 Promptus
436 2954 467 3004 et
488 2947 564 3004 lsaeo
587 2945 765 3004 torrentior.
790 2942 865 3016 Ede,
889 2944 964 3024 quid
986 2945 1072 3002 illum

249 3043 322 3103 Esse
344 3049 455 3121 putes:
480 3042 619 3121 quemvis
642 3041 798 3099 bominem
820 3061 923 3099 seeum
946 3040 1050 3099 attulit
1071 3041 1110 3100 ad
1132 3062 1206 3117 n0s;

248 3140 487 3210 Grammaticus,
512 3139 626 3210 rhetor,
651 3144 833 3214 geometres
860 3138 970 3216 pictor,
994 3138 1115 3217 alipteS,

248 3241 367 3314 Augur,
391 3234 616 3304 schoenobates,
641 3234 789 3306 medicus,
814 3254 945 3311 magus,
971 3236 1074 3294 omnia
1097 3236 1187 3295 novit

248 3333 409 3395 Graeculus
431 3333 592 3391 esuriens:
617 3331 647 3388 in
670 3330 779 3389 carlum
799 3331 938 3410 jusseris,
963 3330 1030 3391 ibit.

249 3432 341 3491 Natio
363 3429 501 3488 comoeda
523 3435 580 3488 est.
605 3427 721 3486 Rides?
743 3428 858 3507 majore
880 3426 1032 3488 cachinno

248 3527 448 3598 Concutitur3
473 3526 536 3596 sset,
560 3525 585 3583 si
607 3524 748 3582 lacrimas
771 3523 934 3603 conspexit
954 3525 1058 3597 amici,

248 3625 313 3690 Nec
335 3623 432 3692 dolet,
458 3623 627 3698 igniculum
650 3619 766 3678 brumae
789 3620 812 3678 si
836 3627 975 3699 tempore
997 3642 1116 3700 poscaS,

249 3720 373 3799 Accipit
394 3717 660 3786 endrornidem;.si
683 3716 796 3775 dixeris
819 3743 833 3772 «
858 3722 955 3775 aestuo
979 3742 1006 3788 n,
1031 3719 1130 3777 sudat.
