2678 4250
280 205 477 242 sanun-aurs.
500 219 539 228 —
559 187 708 266 ua'uacms
724 219 765 228 -
784 205 927 244 avocars.
945 219 982 228 —
1005 205 1198 242 raornssauas

242 313 365 373 levandi
391 321 479 390 sunt;
500 315 705 396 quorumdam
729 316 856 376 audacia
877 316 1046 375 coercenda
1070 322 1131 389 est;
1160 335 1240 394 quo-

242 411 382 469 rumdam
400 413 491 472 etiam
509 413 746 492 intempestivus
764 414 844 472 risus
868 412 1083 492 objurgatione
1098 419 1129 471 et
1145 411 1240 470 minis

243 506 413 584 finiendus3
426 509 629 588 quorumdam
640 509 841 570 discutiendae
854 509 958 569 tristes
970 509 1186 588 cogitationes,
1201 507 1241 566 ad

241 604 326 684 quod
347 606 539 686 symphoniae
557 613 588 666 et
604 607 743 687 cymbala
754 607 962 688 strepitusque
977 605 1152 686 proficiunt.
1175 605 1242 663 Sae-

243 701 312 780 pius
329 708 432 761 tamen
453 703 684 763 assentiendum
702 724 795 784 quam
811 703 1047 784 repugnandum
1061 708 1118 773 est,
1135 701 1243 781 paula·

243 797 361 878 timque
384 805 416 858 et
440 820 503 859 non
526 799 685 859 evidenter
706 800 744 861 ab
766 801 803 859 iis
828 821 898 881 quae
922 800 1016 860 stulte
1037 798 1180 858 dicentur
1202 797 1244 856 ad

244 895 370 955 meliora
382 904 468 956 mens
486 895 677 958 adducenda.
697 896 857 956 Interdum
872 896 964 956 etiam
979 895 1129 956 elicienda
1144 895 1245 974 ipsius

244 991 387 1065 intentio,
406 1000 441 1053 ut
458 993 494 1053 fit
512 993 545 1052 in
564 993 741 1053 hominibus
761 993 908 1067 studiosis
927 993 1111 1065 litterarum,
1128 991 1245 1072 quibus

245 1087 321 1147 liber
336 1088 457 1168 legitur,
474 1096 529 1149 aut
542 1097 635 1162 recte,
653 1090 677 1148 si
693 1090 896 1159 delectantur,
913 1097 966 1150 aut
980 1109 1153 1170 perperam,
1170 1088 1197 1146 si
1209 1089 1247 1147 id

245 1185 344 1264 ipsum
361 1206 412 1246 eos
425 1187 571 1248 offendit:
591 1186 782 1247 emendando
802 1188 883 1246 enim
908 1195 1088 1247 convertere
1104 1185 1246 1245 animum

245 1281 407 1361 incipiunt.
432 1283 481 1342 Ad
504 1284 608 1343 cibum
635 1304 759 1364 quoque
775 1284 925 1364 quosdam
946 1303 1008 1342 non
1031 1282 1247 1342 desiderantes

246 1377 436 1437 reduxerunt
449 1379 481 1452 ii,
501 1379 554 1459 qui
570 1399 622 1440 eos
636 1380 718 1442 inter
731 1380 890 1462 epulantes
905 1379 1107 1447 collocarunt.

483 1609 568 1668 316.
587 1609 743 1670 Devolrs
762 1612 811 1668 du
829 1608 1004 1668 medecln.

569 1714 627 1797 (De
648 1711 764 1776 medici
783 1708 923 1808 officiis.)

179 1907 223 1970 θ’
284 1916 481 1997 Asclepiades
497 1917 609 1978 medici
626 1918 761 1978 officium
783 1938 849 1978 esse
865 1916 943 1978 dixit
959 1925 994 1977 ut
1012 1923 1093 1990 tuto,
1115 1923 1151 1977 ut
1167 1915 1255 1976 cele-

247 2013 331 2086 riter,
348 2020 382 2073 ut
391 2013 530 2093 jucunde
545 2022 641 2076 curet.
664 2015 699 2074 ld
717 2022 826 2090 votum
841 2022 901 2089 est,
921 2014 974 2074 sed
991 2014 1054 2074 fere
1073 2012 1255 2094 periculosa

247 2128 313 2168 esse
332 2110 426 2170 nimia
447 2111 603 2171 festinatio
625 2118 656 2171 et
673 2111 852 2192 jucunditas
869 2099 960 2173 solet.¹
978 2109 1254 2170 Considerandum

248 2206 351 2285 potius
370 2207 428 2265 erit
452 2228 514 2287 qua
533 2208 744 2269 moderatione
765 2209 924 2282 utendum,
942 2214 997 2280 ut,¹
1009 2214 1160 2287 quantum
1183 2207 1256 2266 fieri

216 2341 219 2345 -
248 2308 360 2380 potest,
388 2303 490 2362 omnia
516 2305 586 2378 ista,
613 2305 712 2384 prima
732 2312 835 2364 tamen
859 2324 981 2384 semper
1007 2301 1113 2362 habita
1138 2303 1256 2362 salutis

249 2397 378 2473 ratione,
399 2399 591 2478 contingant.
616 2401 685 2480 Ipse
705 2401 796 2460 etiam
813 2399 1011 2481 Asclepiades
1028 2399 1256 2459 convellendas

249 2495 352 2552 statim
376 2495 456 2555 vires
479 2497 699 2576 aegriputavit
721 2496 833 2575 vigilia,
859 2497 911 2556 siti
938 2496 1068 2574 ingenti,
1093 2503 1128 2555 ut
1152 2516 1192 2554 ne
1218 2517 1257 2555 os

249 2591 374 2671 quidem
389 2593 495 2672 primis
507 2593 615 2652 dicbus
631 2593 692 2652 elui
702 2593 827 2652 sineret.
840 2594 904 2672 Ego
919 2591 1065 2652 autemid
1080 2611 1142 2652 non
1155 2612 1259 2670 agen-

250 2687 322 2747 dum
339 2689 491 2764 existimo,
508 2691 653 2770 quoniam
671 2711 709 2750 ex
727 2690 944 2750 imbecillitate
955 2709 1109 2748 summum
1127 2689 1259 2768 pericu-

249 2785 313 2844 lum
325 2792 381 2858 est,
397 2786 609 2866 optimumque
618 2786 783 2868 aliquarido
794 2786 1056 2846 medicamentum
1072 2793 1258 2866 opportune

240 2882 337 2942 ‘'cibus
351 2882 452 2942 datus.
467 2881 574 2943 Refert
592 2884 673 2949 enim
693 2885 791 2964 qualis
803 2883 929 2943 morbus
949 2883 999 2956 sit,
1016 2881 1107 2962 quale
1122 2902 1256 2962 corpuS,

250 2978 340 3058 quale
358 2979 478 3053 carlum,
502 3001 571 3060 quac
592 2988 676 3052 artas,
700 2981 783 3060 quod
805 2989 926 3060 tempus
948 2979 1037 3052 anni;
1061 2979 1260 3060 minimeque

250 3075 281 3134 in
295 3077 386 3136 rebus
398 3076 529 3136 multum
539 3077 620 3136 inter
632 3098 663 3136 se
677 3077 889 3137 differentibus
906 3097 1002 3136 unum
1019 3082 1050 3136 et
1065 3083 1259 3156 perpetuum

251 3195 316 3233 esse
337 3180 525 3254 praeceptum
551 3174 697 3254 temporis
720 3181 832 3255 potest.
860 3173 963 3233 Unum
992 3171 1070 3232 illud
1093 3178 1141 3231 est
1166 3173 1260 3252 quod

251 3291 381 3350 semper,
398 3271 482 3352 quod
497 3271 610 3352 ubique
623 3271 807 3331 servandum
820 3278 876 3344 est,
892 3277 927 3330 ut
938 3269 1010 3350 aegri
1023 3269 1105 3328 vires
1120 3271 1260 3330 subinde

251 3367 388 3427 assidens
405 3366 543 3428 medicus
557 3367 711 3449 inspiciat,
726 3375 756 3427 et
776 3367 923 3449 quamdiu
943 3372 1139 3447 supererunt,
1156 3366 1261 3426 absti-

253 3465 356 3523 nentia
379 3472 520 3544 pugnet:
542 3466 575 3525 'si
604 3464 846 3526 imbecillitatem
877 3463 977 3524 vereri
1011 3462 1152 3542 coeperit,
1183 3463 1262 3524 cibo

252 3560 426 3622 subveniat.
440 3561 528 3622 Unde
540 3562 676 3642 intellegi
688 3567 790 3643 potest
802 3562 840 3621 ab
851 3582 913 3622 uno
928 3559 1047 3620 medico
1060 3559 1176 3619 multos
1190 3581 1263 3622 non

252 3657 368 3737 optime
387 3659 497 3734 curari,
521 3680 662 3740 eumque,
691 3660 716 3720 si
733 3659 844 3720 artilex
862 3666 919 3732 est,
943 3658 1089 3718 idoneum
1112 3676 1178 3717 esse
1200 3661 1263 3737 qui

253 3774 313 3813 non
328 3753 379 3812 diu
396 3754 433 3814 ab
451 3776 532 3833 aegro
549 3756 674 3818 recedit.

674 3943 828 3994 -222-
