2678 4250
382 133 466 190 320.
485 133 662 191 L’avocat
682 132 706 191 a
724 134 846 190 Rome.

131 257 133 263 ⁸
240 236 335 318 (Quae
355 237 453 318 suerit
474 238 578 299 Romae
594 243 803 321 patronorum
823 236 987 319 condicio)

438 395 580 456 Ciceroni
602 417 692 456 nemo
714 397 863 457 ducentos
1082 457 1089 470 ,
1124 401 1178 458 tlh.

117 494 203 552 Nunc
224 492 345 552 dederit
365 515 519 570 nummos,
542 493 600 553 nisi
622 494 741 552 fulserit
761 493 872 553 anulus
892 493 1011 571 ingens.

117 590 254 670 Respicit
274 590 333 650 hoc
353 591 487 671 primum
510 591 562 670 qui
583 591 694 669 litigat,
718 611 756 650 an
778 591 834 649 tibi
856 590 937 649 servi

117 687 202 757 Octo,
226 686 332 746 decem
354 687 492 760 comites,
516 707 553 746 an
575 694 697 768 postte
719 687 803 760 sella,
827 687 924 765 togati

116 787 194 843 Ante
216 783 319 864 pedes.
344 784 417 843 ldeo
438 785 591 844 conducta
614 784 727 845 Paulus
749 784 859 864 agebat

116 880 322 960 sardonyche,
347 888 438 961 atque
460 881 530 940 ideo
553 880 648 961 pluris
670 901 762 961 quam
785 881 899 940 Cossus
920 879 1041 959 agebat,

116 979 212 1046 Quam
234 977 366 1038 Basilus.
391 977 473 1037 Rara
494 977 523 1036 in
548 977 634 1038 tenui
655 977 801 1037 facundia
822 997 936 1058 panno.

116 1075 190 1143 Quis
211 1075 289 1134 bene
311 1074 464 1134 dicentem
487 1075 624 1134 Basilum
647 1075 749 1134 ferat?
771 1075 912 1156 Accipiat
932 1080 963 1134 te

116 1172 226 1245 Gallia,
250 1172 300 1231 vel
320 1173 424 1252 potius
446 1172 600 1238 nutricula
621 1171 848 1232 causidicorum

115 1269 232 1341 Africa,
246 1263 281 1327 'si
303 1268 420 1349 placuit
440 1268 611 1328 mercedem
633 1289 748 1350 ponere
769 1268 893 1347 linguae.

116 1365 295 1425 Declamare
318 1365 436 1425 doces?
458 1366 482 1425 O
504 1366 602 1425 ferrea
625 1373 748 1446 pectora
767 1366 870 1439 Vecti‚

116 1465 195 1524 Cum
215 1463 339 1542 perimit
360 1483 459 1521 saevos
481 1462 586 1523 classis
608 1483 772 1522 numerosa
792 1464 956 1543 tyrannosl

116 1563 195 1620 Nam
214 1581 417 1640 quaecumque
437 1559 546 1618 sedens
568 1560 660 1619 modo
682 1560 808 1637 legerat,
828 1559 893 1618 haec
913 1559 1018 1618 eadem
1034 1564 1118 1616 stans

118 1658 269 1729 Proferet,
293 1666 387 1738 atque
409 1657 513 1715 eadem
536 1657 674 1716 cantabit
695 1656 835 1716 versibus
857 1655 977 1716 isdem:

114 1755 239 1814 Occidit
259 1753 387 1812 miseros
409 1753 530 1812 crambe
552 1754 683 1834 repetita
704 1753 878 1832 magistros.

113 1851 191 1919 Quis
213 1850 309 1923 color,
333 1857 363 1909 et
385 1850 467 1930 quod
489 1851 529 1909 sit
550 1870 649 1938 causae
672 1871 778 1928 genuS,
803 1856 895 1930 atque
921 1847 974 1907 ubi
999 1867 1118 1908 summa
1180 1899 1181 1904 ,

12 1951 13 1954 ’
113 1948 265 2020 Quaestio,
288 1956 358 2027 ques
380 1948 506 2006 veniant
527 1947 656 2006 diversae
678 1946 758 2005 forte
779 1946 909 2024 sagittae,

115 2047 216 2104 Nosse
238 2044 337 2103 velint
358 2063 479 2116 omnes;
503 2044 673 2102 mercedem
696 2043 815 2102 solvere
836 2062 937 2103 neme.

114 2169 129 2197 α
150 2141 329 2200 Mercedem
345 2141 505 2221 appellas?
524 2141 604 2208 Quid
621 2141 702 2199 enim
723 2139 808 2200 scio?
826 2164 840 2195 »
861 2139 959 2219 Culpa
979 2136 1119 2197 docentis

112 2238 244 2298 Scilicet
265 2238 415 2315 arguitur,
440 2237 522 2318 quod
544 2238 620 2296 laeva
642 2238 673 2295 in
695 2244 782 2317 parte
804 2235 947 2308 mamillae

116 2335 172 2395 Nil
196 2335 267 2394 salit
287 2334 439 2393 Arcadico
457 2335 578 2414 juveni.

487 2573 572 2631 321.
594 2574 644 2629 Le
661 2573 749 2630 rire.

532 2695 589 2776 (De
610 2695 702 2776 risu.)

154 2854 238 2922 Quid
255 2856 295 2913 sit
317 2855 382 2934 ipse
404 2855 493 2928 risus,
516 2876 577 2936 quo
596 2863 687 2936 pacto
707 2855 888 2929 concitetur,
908 2842 1029 2931 ubisit,
1053 2878 1114 2937 quo
1129 2859 1183 2915 Rh.

108 2951 211 3010 modo
224 2953 350 3011 exsistat
363 2960 454 3032 atque
467 2953 510 3011 ita
522 2959 649 3033 repente
660 2959 811 3032 erumpat,
828 2961 862 3012 ut
877 2975 947 3013 eum
957 2953 1116 3033 cupientes

108 3057 222 3107 tenere
241 3069 440 3128 nequeamus
460 3056 491 3108 et
510 3069 570 3128 quo
589 3049 680 3108 modo
701 3049 792 3107 simul
816 3049 922 3123 latera,
945 3071 990 3123 os,
1011 3071 1116 3121 venaS,

107 3145 236 3216 oculos
253 3145 375 3204 vultum
388 3153 529 3225 occupet,
545 3146 658 3204 viderit
676 3146 883 3206 Democritus
903 3147 1001 3206 Locus
1016 3154 1119 3206 autem

108 3251 147 3300 et
163 3242 248 3319 regio
267 3243 354 3323 quasi
373 3243 494 3302 ridiculi
513 3242 707 3322 turpitudine
728 3252 759 3304 et
778 3243 973 3303 deformitate
987 3245 1119 3323 quadam

107 3339 304 3400 continetur.
330 3341 405 3400 Haec
425 3341 506 3398 enim
527 3341 667 3400 ridentur
684 3341 733 3400 vel
752 3341 817 3400 sola
834 3340 883 3400 vel
904 3334 1035 3400 maxime
1051 3363 1120 3421 quae

107 3441 229 3494 notant
246 3443 276 3500 et
291 3438 414 3513 signant
432 3437 656 3516 turpitudinem
675 3437 807 3516 aliquam
824 3457 885 3494 non
905 3437 1048 3516 turpiter,
1067 3439 1121 3497 Est

108 3539 222 3592 autem
233 3534 322 3612 plane
338 3534 469 3592 oratoris
486 3555 609 3592 movere
624 3533 730 3606 risum,
743 3532 792 3591 vel
810 3531 893 3612 quod
906 3531 970 3612 ipsa
984 3533 1120 3593 hilaritas

12 3643 13 3662 i
110 3629 361 3689 benivolentiam
375 3631 518 3689 conciliat
532 3631 570 3702 ei,
588 3651 643 3710 per
656 3650 746 3708 quem
763 3628 893 3693 excitata
908 3638 963 3703 est.¹
978 3631 1026 3697 vel
1038 3631 1120 3712 quod

107 3725 314 3784 admirantur
334 3747 439 3784 omnes
462 3747 601 3798 acumen,
624 3745 685 3784 uno
705 3745 786 3806 saepe
806 3725 838 3784 in
857 3725 959 3790 verbo
972 3728 1118 3807 positum,

201 3831 243 3873 Vie
254 3831 333 3884 priate
346 3831 382 3872 des
394 3831 512 3872 Romulus.
594 3885 642 3936 2⁰⁹
1004 3832 1028 3871 15

541 3916 574 3924 —
612 3906 643 3935 ⁶.)
663 3914 708 3932 -n
