2656 4258
633 171 718 208 nnoir
741 155 824 208 rnrvii

228 283 298 364 jure
319 281 357 341 ad
380 282 605 342 ‘conserendam
628 303 752 341 manum
777 282 810 340 in
833 302 908 354 rem,
932 281 970 340 de
994 301 1054 362 qua
1079 286 1232 358 ageretur,
1314 317 1315 338 i

227 385 367 457 ,voearet
382 387 473 458 atque
484 379 613 458 profecti
629 379 719 438 simul
734 379 765 436 in
783 399 901 456 agrum,
912 377 950 436 de
966 393 1028 457 quo
1041 377 1233 454 litigabatur,

230 483 320 536 terrae
333 475 450 556 aliquid
464 497 501 536 ex
516 497 564 549 eo,
581 477 625 536 uti
642 497 733 536 unam
749 476 880 554 glebam,
901 475 932 534 in
945 475 999 555 jus
1022 475 1054 532 in
1076 473 1181 533 urbem
1195 473 1234 532 ad

230 580 393 652 praetorem
412 573 577 646 deferrent,
592 581 623 632 et
637 574 667 632 in
684 594 717 632 ea
732 573 829 652 gleba,
844 579 999 653 tamquam
1017 572 1049 630 in
1066 579 1131 631 toto
1146 591 1232 648 agro,

229 668 433 731 vindicarent.
451 670 547 751 quue
572 671 689 730 Ennius
705 670 877 748 significare
905 670 1023 740 voleuS,
1048 669 1091 728 ait
1107 689 1180 740 non,
1200 675 1236 726 ut

229 765 268 842 ad
283 772 446 845 praetorem
467 767 592 827 solitum
611 775 667 842 est,
689 759 742 846 agi
765 767 911 846 legitimis
934 766 1118 837 actionibus
1134 785 1236 844 neque

230 883 266 922 ex
278 863 348 942 jure
364 884 488 923 manum
513 872 699 938 consertum,
715 864 768 924 sed
782 863 862 923 bello
877 863 1031 942 ferroque,
1060 869 1093 921 et
1120 850 1236 920 vera'vi

229 966 321 1040 atque
337 960 432 1020 solida
449 979 456 1020 τ

270 1056 400 1116 Pellitur
416 1058 545 1117 emedio
556 1057 706 1138 sapientia
722 1077 730 1120 :
748 1057 780 1116 vi
796 1058 914 1137 geritur
928 1077 987 1116 res

212 1211 213 1214 ,
270 1153 340 1212 Non
354 1174 391 1213 ex
401 1153 473 1234 jure
485 1175 610 1214 manum
628 1161 816 1225 consertum,
834 1154 887 1214 sed
902 1173 990 1232 mage
1005 1153 1086 1212 ferro

236 1307 239 1312 ,
270 1250 348 1310 Rem
362 1258 518 1330 repetunt,
549 1271 741 1332 regnumque
760 1258 881 1331 petunt,
903 1250 1022 1310 vadunt
1035 1248 1134 1310 solida
1150 1249 1192 1309 vi.

551 1445 633 1503 199.
653 1445 908 1514 L’usucaplon.

581 1549 636 1631 (Dc
672 1548 885 1632 usucapione.)

163 1707 203 1772 2⁰
270 1710 302 1768 Si
322 1709 380 1768 tibi
396 1730 459 1768 rem
481 1708 616 1788 mancipi
639 1729 739 1788 neque
759 1708 975 1787 mancipavere
995 1729 1095 1789 neque
1111 1708 1144 1767 in
1165 1709 1235 1789 jure

215 1827 361 1888 cessero,
385 1806 437 1866 sed
458 1813 579 1866 tantum
602 1804 770 1878 tradidere,
800 1805 832 1864 in
858 1805 947 1864 bonis
971 1805 1094 1886 quidem
1123 1806 1184 1864 tuis
1200 1827 1236 1865 ea

215 1897 278 1962 'res
299 1904 459 1977 efficietur,
486 1925 523 1962 ex
551 1903 620 1983 jure
646 1902 812 1969 Quiritium
837 1923 911 1961 vero
936 1923 1003 1962 mea
1029 1903 1233 1982 permanebit,

230 2000 329 2059 donec
342 2007 376 2060 tu
399 2021 466 2059 eam
481 1999 666 2080 possidendo
683 2000 866 2080 usucapias:
886 1999 979 2058 semel
1001 2000 1081 2058 enim
1108 1999 1235 2077 impleta
1314 2051 1315 2054 ,

231 2097 432 2178 usucapione,
457 2097 586 2176 proinde
599 2096 690 2176 pleno
706 2097 776 2176 jure
791 2097 912 2177 incipit,
932 2096 964 2155 id
985 2104 1031 2162 est
1048 2103 1079 2156 et
1097 2095 1235 2154 inbonis

216 2179 261 2253 et
283 2215 321 2253 ex
335 2194 405 2274 jure
426 2194 590 2260 Quiritium
614 2201 667 2252 tua
682 2215 730 2252 res
757 2215 872 2252 esseae
894 2194 919 2252 si
943 2213 977 2252 ea
997 2193 1169 2273 mancipata
1185 2205 1234 2254 vel

231 2291 263 2349 in
272 2289 342 2370 jure
357 2312 453 2351 cessa.
472 2291 626 2370 Usucapio
640 2298 741 2349 autem
756 2290 914 2349 mobilium
937 2310 1039 2348 rerum
1059 2310 1139 2349 anno
1150 2311 1235 2348 com-

230 2386 343 2468 pletur,
361 2387 450 2445 lundi
465 2407 539 2445 vero
561 2394 592 2446 et
615 2387 727 2446 aedium
748 2387 872 2446 biennio
889 2405 896 2446 τ
914 2394 944 2445 et
964 2387 1007 2447 ita
1026 2387 1094 2466 lege
1111 2386 1235 2446 Duode-
1314 2397 1315 2414 l

230 2484 291 2542 cim
307 2481 493 2542 Tabularum
507 2491 631 2543 cautum
654 2491 711 2544 est.
728 2483 872 2544 Ceterum
897 2485 988 2543 etiam
1014 2504 1118 2544 earum
1131 2505 1234 2543 rerum

231 2580 379 2660 usucapio
395 2580 483 2638 nobis
498 2581 658 2659 competit,
676 2601 745 2660 quac
762 2601 823 2639 non
845 2602 862 2639 a
889 2581 1016 2640 domino
1037 2581 1126 2640 nobis
1141 2580 1235 2640 tradi-

230 2685 271 2736 tae
283 2677 409 2748 fuerint,
427 2678 491 2736 sive
506 2677 639 2756 mancipi
658 2677 721 2736 sint
742 2698 785 2736 eae
800 2699 859 2750 res,
885 2678 950 2736 sive
972 2698 1028 2736 nee
1047 2678 1193 2758 mancipi,
1210 2679 1234 2736 si

231 2775 325 2834 modo
335 2795 387 2834 eas
402 2774 482 2833 bona
496 2774 556 2832 fide
567 2774 786 2854 acceperimus,
803 2795 873 2832 cum
888 2775 1082 2834 crederemus
1097 2795 1167 2834 eum
1182 2777 1236 2855 qui

231 2872 367 2932 traderet
393 2871 553 2930 dominum
569 2892 645 2931 esse.
671 2871 759 2938 Quod
777 2871 847 2930 ideo
870 2878 1027 2950 receptum
1051 2871 1176 2930 videtur
1197 2861 1242 2931 ne¹

220 2990 334 3029 ‚rerum
357 2968 493 3027 dominia
514 2968 631 3027 diutius
654 2969 686 3026 in
710 2969 828 3027 incerto
855 2976 967 3040 essent,
992 2989 1061 3027 eum
1081 2969 1236 3028 sufficeret

230 3066 357 3125 domino
372 3065 410 3124 ad
424 3065 641 3144 inquirendam
664 3087 728 3124 rem
753 3086 839 3125 suam
862 3065 934 3124 anni
952 3072 1004 3124 aut
1034 3065 1149 3124 biennii
1167 3086 1237 3145 spa-

231 3165 321 3223 tium.
355 3162 415 3222 Sed
453 3162 630 3240 aliquand0,
670 3162 790 3222 etiamsi
820 3163 952 3221 maxime
978 3161 1048 3240 quis
1074 3161 1237 3221 bonafide

230 3260 360 3320 alienam
379 3279 442 3318 rem
456 3259 622 3338 possideat,
638 3278 699 3317 non
714 3267 817 3319 tamen
837 3259 881 3316 illi
902 3259 1050 3339 usucapio
1068 3259 1234 3338 procedit:

231 3356 318 3414 velut
338 3355 364 3413 si
379 3356 447 3434 quis
472 3376 535 3414 rem
556 3355 704 3415 furtivam
731 3363 784 3414 aut
811 3355 843 3413 vi
867 3375 1038 3434 possessam
1065 3355 1235 3435 possideat.

232 3451 453 3524 ResmulieriS,
469 3452 581 3531 quaein
600 3458 781 3530 agnatorum
800 3451 896 3511 tutela
917 3459 1016 3524 crant,
1038 3472 1087 3511 res
1101 3453 1236 3532 mancipi

220 3548 359 3626 *usucapi
394 3569 455 3607 non
484 3556 638 3628 poterant,
672 3556 875 3628 praeterquam
907 3549 931 3607 si
958 3549 996 3608 ab
1025 3549 1102 3627 ipsa,
1134 3556 1239 3609 tutore

232 3652 368 3717 auctore,
386 3645 506 3704 traditae
523 3654 635 3707 essent.
652 3647 728 3703 ltem
743 3645 855 3704 liberos
873 3645 1012 3704 homines
1024 3652 1054 3704 et
1068 3665 1118 3704 res
1133 3667 1238 3706 sacras

232 3752 264 3802 et
278 3741 437 3819 religiosas
452 3742 580 3821 usucapi
595 3763 657 3801 non
673 3763 763 3822 posse
778 3742 975 3801 manifestum
990 3747 1047 3801 est.

658 3901 815 3952 *1³8—
