<?xml version="1.0" encoding="UTF-8"?>
<!DOCTYPE html PUBLIC "-//W3C//DTD XHTML 1.0 Transitional//EN"
    "http://www.w3.org/TR/xhtml1/DTD/xhtml1-transitional.dtd">
<html xmlns="http://www.w3.org/1999/xhtml" xml:lang="en" lang="en">
 <head>
  <title>
</title>
<meta http-equiv="Content-Type" content="text/html;charset=utf-8" />
  <meta name='ocr-system' content='tesseract 3.04.00' />
  <meta name='ocr-capabilities' content='ocr_page ocr_carea ocr_par ocr_line ocrx_word'/>
</head>
<body>
  <div class='ocr_page' id='page_1' title='image "./depublicaprivat00arnagoog_0398.png"; bbox 0 0 2682 4258; ppageno 0'>
   <div class='ocr_carea' id='block_1_1' title="bbox 385 191 874 250">
    <p class='ocr_par' dir='ltr' id='par_1_1' title="bbox 385 191 874 250">
     <span class='ocr_line' id='line_1_1' title="bbox 385 191 874 250; baseline -0.006 -18"><span class='ocrx_word' id='word_1_1' title='bbox 385 193 510 233; x_wconf 72' lang='lat' dir='ltr'><strong>nonnis.</strong></span> <span class='ocrx_word' id='word_1_2' title='bbox 532 205 572 250; x_wconf 50' lang='lat' dir='ltr'><strong>e</strong></span> <span class='ocrx_word' id='word_1_3' title='bbox 593 191 780 246; x_wconf 72' lang='lat' dir='ltr'><strong>runosornnr</strong></span> <span class='ocrx_word' id='word_1_4' title='bbox 870 240 874 249; x_wconf 32' lang='grc' dir='ltr'>Ι</span> 
     </span>
    </p>
   </div>
   <div class='ocr_carea' id='block_1_2' title="bbox 192 503 977 567">
    <p class='ocr_par' dir='ltr' id='par_1_2' title="bbox 192 503 977 567">
     <span class='ocr_line' id='line_1_2' title="bbox 192 503 977 567; baseline -0.009 -2"><span class='ocrx_word' id='word_1_5' title='bbox 192 509 278 567; x_wconf 88' lang='grc'><strong>464.</strong></span> <span class='ocrx_word' id='word_1_6' title='bbox 297 507 522 566; x_wconf 71' lang='grc' dir='ltr'><strong>Ιηοθηίιιιᾱε</strong></span> <span class='ocrx_word' id='word_1_7' title='bbox 542 509 608 565; x_wconf 83' lang='lat' dir='ltr'><strong>des</strong></span> <span class='ocrx_word' id='word_1_8' title='bbox 627 508 758 565; x_wconf 74' lang='lat' dir='ltr'><strong>choses</strong></span> <span class='ocrx_word' id='word_1_9' title='bbox 776 503 977 562; x_wconf 85' lang='lat' dir='ltr'><strong>humetnes.</strong></span> 
     </span>
    </p>
   </div>
   <div class='ocr_carea' id='block_1_3' title="bbox 271 670 986 763">
    <p class='ocr_par' dir='ltr' id='par_1_3' title="bbox 271 670 986 763">
     <span class='ocr_line' id='line_1_3' title="bbox 271 670 986 763; baseline -0.004 -29"><span class='ocrx_word' id='word_1_10' title='bbox 271 673 448 763; x_wconf 75' lang='lat' dir='ltr'><strong>(Humaqae</strong></span> <span class='ocrx_word' id='word_1_11' title='bbox 469 694 519 734; x_wconf 82' lang='lat' dir='ltr'><strong>res</strong></span> <span class='ocrx_word' id='word_1_12' title='bbox 540 693 635 756; x_wconf 83' lang='lat' dir='ltr'><strong>quam</strong></span> <span class='ocrx_word' id='word_1_13' title='bbox 655 670 720 732; x_wconf 80' lang='lat' dir='ltr'><strong>sint</strong></span> <span class='ocrx_word' id='word_1_14' title='bbox 741 670 900 752; x_wconf 82' lang='lat' dir='ltr'><strong>incertae.)</strong></span> <span class='ocrx_word' id='word_1_15' title='bbox 936 689 940 696; x_wconf 86' lang='lat'><em>·</em></span> <span class='ocrx_word' id='word_1_16' title='bbox 971 691 986 736; x_wconf 83' lang='grc'><strong>,·</strong></span> 
     </span>
    </p>
   </div>
   <div class='ocr_carea' id='block_1_4' title="bbox 13 1015 1213 3626">
    <p class='ocr_par' dir='ltr' id='par_1_4' title="bbox 13 1015 1151 1212">
     <span class='ocr_line' id='line_1_4' title="bbox 131 1015 1151 1114; baseline 0 -20"><span class='ocrx_word' id='word_1_17' title='bbox 131 1033 357 1114; x_wconf 89' lang='lat' dir='ltr'><strong>Consumpsere</strong></span> <span class='ocrx_word' id='word_1_18' title='bbox 377 1055 409 1094; x_wconf 88' lang='lat' dir='ltr'><strong>se</strong></span> <span class='ocrx_word' id='word_1_19' title='bbox 428 1034 564 1114; x_wconf 85' lang='lat' dir='ltr'><strong>quidam,</strong></span> <span class='ocrx_word' id='word_1_20' title='bbox 580 1033 653 1094; x_wconf 93' lang='lat' dir='ltr'><strong>dum</strong></span> <span class='ocrx_word' id='word_1_21' title='bbox 677 1015 744 1094; x_wconf 80' lang='lat' dir='ltr'><strong>aeta</strong></span> <span class='ocrx_word' id='word_1_22' title='bbox 761 1053 867 1112; x_wconf 84' lang='lat' dir='ltr'><strong>regum</strong></span> <span class='ocrx_word' id='word_1_23' title='bbox 887 1040 1083 1092; x_wconf 85' lang='lat' dir='ltr'><strong>externorum</strong></span> <span class='ocrx_word' id='word_1_24' title='bbox 1098 1037 1151 1096; x_wconf 79' lang='lat' dir='ltr'><strong>Bb,</strong></span> 
     </span>
     <span class='ocr_line' id='line_1_5' title="bbox 13 1128 1150 1212; baseline 0 -24"><span class='ocrx_word' id='word_1_25' title='bbox 13 1175 14 1198; x_wconf 77' lang='lat'><strong>,</strong></span> <span class='ocrx_word' id='word_1_26' title='bbox 91 1140 281 1212; x_wconf 87' lang='lat' dir='ltr'><strong>componunt</strong></span> <span class='ocrx_word' id='word_1_27' title='bbox 304 1152 443 1212; x_wconf 87' lang='lat' dir='ltr'><strong>quaeque</strong></span> <span class='ocrx_word' id='word_1_28' title='bbox 463 1131 543 1212; x_wconf 88' lang='lat' dir='ltr'><strong>passi</strong></span> <span class='ocrx_word' id='word_1_29' title='bbox 563 1131 695 1190; x_wconf 85' lang='lat' dir='ltr'><strong>invicem</strong></span> <span class='ocrx_word' id='word_1_30' title='bbox 713 1131 840 1211; x_wconf 85' lang='lat' dir='ltr'><strong>ausique</strong></span> <span class='ocrx_word' id='word_1_31' title='bbox 860 1133 932 1190; x_wconf 87' lang='lat' dir='ltr'><strong>sunt</strong></span> <span class='ocrx_word' id='word_1_32' title='bbox 953 1128 1083 1210; x_wconf 89' lang='lat' dir='ltr'><strong>populi:</strong></span> <span class='ocrx_word' id='word_1_33' title='bbox 1148 1191 1150 1198; x_wconf 54' lang='lat'><strong>,</strong></span> 
     </span>
    </p>

    <p class='ocr_par' dir='ltr' id='par_1_5' title="bbox 91 1213 1213 2656">
     <span class='ocr_line' id='line_1_6' title="bbox 92 1213 1213 1308; baseline -0.002 -22"><span class='ocrx_word' id='word_1_34' title='bbox 92 1235 206 1306; x_wconf 89' lang='lat' dir='ltr'><strong>quanto</strong></span> <span class='ocrx_word' id='word_1_35' title='bbox 221 1228 316 1286; x_wconf 89' lang='lat' dir='ltr'><strong>satius</strong></span> <span class='ocrx_word' id='word_1_36' title='bbox 331 1236 378 1287; x_wconf 89' lang='lat' dir='ltr'><strong>est</strong></span> <span class='ocrx_word' id='word_1_37' title='bbox 394 1249 448 1287; x_wconf 87' lang='lat' dir='ltr'><strong>sua</strong></span> <span class='ocrx_word' id='word_1_38' title='bbox 472 1228 550 1288; x_wconf 91' lang='lat' dir='ltr'><strong>mala</strong></span> <span class='ocrx_word' id='word_1_39' title='bbox 569 1223 763 1306; x_wconf 83' lang='lat' dir='ltr'><strong>exstinguere</strong></span> <span class='ocrx_word' id='word_1_40' title='bbox 791 1248 882 1308; x_wconf 91' lang='lat' dir='ltr'><strong>quam</strong></span> <span class='ocrx_word' id='word_1_41' title='bbox 902 1219 1000 1286; x_wconf 85' lang='lat' dir='ltr'><strong>aliena</strong></span> <span class='ocrx_word' id='word_1_42' title='bbox 1017 1246 1086 1305; x_wconf 83' lang='lat' dir='ltr'><strong>pos·</strong></span> <span class='ocrx_word' id='word_1_43' title='bbox 1120 1213 1157 1270; x_wconf 73' lang='lat' dir='ltr'><strong>&#39;i</strong></span> <span class='ocrx_word' id='word_1_44' title='bbox 1210 1271 1213 1276; x_wconf 78' lang='lat'><strong>,</strong></span> 
     </span>
     <span class='ocr_line' id='line_1_7' title="bbox 93 1311 1085 1404; baseline -0.001 -24"><span class='ocrx_word' id='word_1_45' title='bbox 93 1323 162 1388; x_wconf 88' lang='lat' dir='ltr'><strong>teris</strong></span> <span class='ocrx_word' id='word_1_46' title='bbox 174 1324 320 1384; x_wconf 84' lang='lat' dir='ltr'><strong>tradere?</strong></span> <span class='ocrx_word' id='word_1_47' title='bbox 331 1326 453 1392; x_wconf 86' lang='lat' dir='ltr'><strong>Quanto</strong></span> <span class='ocrx_word' id='word_1_48' title='bbox 464 1325 566 1403; x_wconf 92' lang='lat' dir='ltr'><strong>potius</strong></span> <span class='ocrx_word' id='word_1_49' title='bbox 578 1325 707 1384; x_wconf 88' lang='lat' dir='ltr'><strong>deorum</strong></span> <span class='ocrx_word' id='word_1_50' title='bbox 718 1345 809 1404; x_wconf 91' lang='lat' dir='ltr'><strong>opera</strong></span> <span class='ocrx_word' id='word_1_51' title='bbox 825 1324 980 1383; x_wconf 86' lang='lat' dir='ltr'><strong>celebrare¹</strong></span> <span class='ocrx_word' id='word_1_52' title='bbox 994 1311 1085 1402; x_wconf 89' lang='lat' dir='ltr'><strong>quam</strong></span> 
     </span>
     <span class='ocr_line' id='line_1_8' title="bbox 93 1418 1086 1501; baseline -0.002 -23"><span class='ocrx_word' id='word_1_53' title='bbox 93 1419 226 1501; x_wconf 92' lang='lat' dir='ltr'><strong>Philippi</strong></span> <span class='ocrx_word' id='word_1_54' title='bbox 242 1429 294 1480; x_wconf 90' lang='lat' dir='ltr'><strong>aut</strong></span> <span class='ocrx_word' id='word_1_55' title='bbox 309 1421 477 1480; x_wconf 79' lang='lat' dir='ltr'>Alexandri</span> <span class='ocrx_word' id='word_1_56' title='bbox 489 1421 649 1480; x_wconf 84' lang='lat' dir='ltr'><strong>latrocinia</strong></span> <span class='ocrx_word' id='word_1_57' title='bbox 662 1429 906 1500; x_wconf 86' lang='lat' dir='ltr'><strong>ceterorumque,</strong></span> <span class='ocrx_word' id='word_1_58' title='bbox 925 1420 978 1500; x_wconf 91' lang='lat' dir='ltr'><strong>qui</strong></span> <span class='ocrx_word' id='word_1_59' title='bbox 992 1418 1086 1478; x_wconf 89' lang='lat' dir='ltr'><strong>exitio</strong></span> 
     </span>
     <span class='ocr_line' id='line_1_9' title="bbox 91 1509 1089 1597; baseline -0.002 -22"><span class='ocrx_word' id='word_1_60' title='bbox 91 1517 225 1592; x_wconf 84' lang='lat' dir='ltr'><strong>gentium</strong></span> <span class='ocrx_word' id='word_1_61' title='bbox 241 1518 314 1577; x_wconf 86' lang='lat' dir='ltr'><strong>clari</strong></span> <span class='ocrx_word' id='word_1_62' title='bbox 339 1539 400 1576; x_wconf 94' lang='lat' dir='ltr'><strong>non</strong></span> <span class='ocrx_word' id='word_1_63' title='bbox 420 1519 552 1577; x_wconf 91' lang='lat' dir='ltr'><strong>minores</strong></span> <span class='ocrx_word' id='word_1_64' title='bbox 572 1519 657 1577; x_wconf 86' lang='lat' dir='ltr'><strong>luere</strong></span> <span class='ocrx_word' id='word_1_65' title='bbox 677 1526 778 1597; x_wconf 88' lang='lat' dir='ltr'><strong>pestes</strong></span> <span class='ocrx_word' id='word_1_66' title='bbox 800 1517 974 1576; x_wconf 79' lang='lat' dir='ltr'><strong>mortalium</strong></span> <span class='ocrx_word' id='word_1_67' title='bbox 993 1509 1089 1596; x_wconf 89' lang='lat' dir='ltr'><strong>quam</strong></span> 
     </span>
     <span class='ocr_line' id='line_1_10' title="bbox 92 1613 1088 1695; baseline -0.003 -22"><span class='ocrx_word' id='word_1_68' title='bbox 92 1613 251 1674; x_wconf 87' lang='lat' dir='ltr'><strong>inundatio</strong></span> <span class='ocrx_word' id='word_1_69' title='bbox 271 1635 331 1694; x_wconf 87' lang='lat' dir='ltr'><strong>qua</strong></span> <span class='ocrx_word' id='word_1_70' title='bbox 348 1615 474 1694; x_wconf 87' lang='lat' dir='ltr'><strong>planum</strong></span> <span class='ocrx_word' id='word_1_71' title='bbox 495 1635 585 1674; x_wconf 89' lang='lat' dir='ltr'><strong>omne</strong></span> <span class='ocrx_word' id='word_1_72' title='bbox 607 1616 765 1695; x_wconf 79' lang='lat' dir='ltr'><strong>perfusum</strong></span> <span class='ocrx_word' id='word_1_73' title='bbox 784 1622 842 1686; x_wconf 86' lang='lat' dir='ltr'><strong>est,</strong></span> <span class='ocrx_word' id='word_1_74' title='bbox 865 1633 957 1694; x_wconf 85' lang='lat' dir='ltr'><strong>quam</strong></span> <span class='ocrx_word' id='word_1_75' title='bbox 974 1614 1088 1672; x_wconf 85' lang='lat' dir='ltr'><strong>contla-</strong></span> 
     </span>
     <span class='ocr_line' id='line_1_11' title="bbox 91 1709 1087 1792; baseline -0.002 -24"><span class='ocrx_word' id='word_1_76' title='bbox 91 1711 187 1785; x_wconf 82' lang='lat' dir='ltr'><strong>gratio</strong></span> <span class='ocrx_word' id='word_1_77' title='bbox 223 1731 283 1790; x_wconf 87' lang='lat' dir='ltr'><strong>qua</strong></span> <span class='ocrx_word' id='word_1_78' title='bbox 313 1732 385 1792; x_wconf 85' lang='lat' dir='ltr'><strong>pars</strong></span> <span class='ocrx_word' id='word_1_79' title='bbox 413 1731 522 1788; x_wconf 84' lang='lat' dir='ltr'><strong>magna</strong></span> <span class='ocrx_word' id='word_1_80' title='bbox 551 1711 753 1770; x_wconf 89' lang='lat' dir='ltr'><strong>animantium</strong></span> <span class='ocrx_word' id='word_1_81' title='bbox 783 1711 931 1771; x_wconf 80' lang='lat' dir='ltr'><strong>exaruit?</strong></span> <span class='ocrx_word' id='word_1_82' title='bbox 964 1709 1087 1778; x_wconf 85' lang='lat' dir='ltr'><strong>Quanto</strong></span> 
     </span>
     <span class='ocr_line' id='line_1_12' title="bbox 91 1801 1098 1883; baseline -0.007 -21"><span class='ocrx_word' id='word_1_83' title='bbox 91 1804 185 1863; x_wconf 78' lang='lat' dir='ltr'><strong>satius</strong></span> <span class='ocrx_word' id='word_1_84' title='bbox 203 1812 252 1864; x_wconf 85' lang='lat' dir='ltr'><strong>est</strong></span> <span class='ocrx_word' id='word_1_85' title='bbox 268 1803 341 1883; x_wconf 91' lang='lat' dir='ltr'><strong>quid</strong></span> <span class='ocrx_word' id='word_1_86' title='bbox 364 1805 539 1862; x_wconf 86' lang='lat' dir='ltr'><strong>laciendum</strong></span> <span class='ocrx_word' id='word_1_87' title='bbox 557 1803 597 1862; x_wconf 86' lang='lat' dir='ltr'><strong>sit</strong></span> <span class='ocrx_word' id='word_1_88' title='bbox 616 1824 707 1882; x_wconf 89' lang='lat' dir='ltr'><strong>quam</strong></span> <span class='ocrx_word' id='word_1_89' title='bbox 726 1803 800 1882; x_wconf 91' lang='lat' dir='ltr'><strong>quid</strong></span> <span class='ocrx_word' id='word_1_90' title='bbox 820 1802 934 1859; x_wconf 83' lang='lat' dir='ltr'><strong>factum</strong></span> <span class='ocrx_word' id='word_1_91' title='bbox 955 1801 996 1858; x_wconf 93' lang='lat' dir='ltr'><strong>sit</strong></span> <span class='ocrx_word' id='word_1_92' title='bbox 1013 1818 1098 1878; x_wconf 57' lang='lat' dir='ltr'><strong>quar-</strong></span> 
     </span>
     <span class='ocr_line' id='line_1_13' title="bbox 92 1899 1086 1982; baseline 0 -25"><span class='ocrx_word' id='word_1_93' title='bbox 92 1921 166 1974; x_wconf 88' lang='lat' dir='ltr'><strong>rere,</strong></span> <span class='ocrx_word' id='word_1_94' title='bbox 187 1922 225 1962; x_wconf 82' lang='lat' dir='ltr'><strong>ao</strong></span> <span class='ocrx_word' id='word_1_95' title='bbox 252 1901 362 1962; x_wconf 87' lang='lat' dir='ltr'><strong>docere</strong></span> <span class='ocrx_word' id='word_1_96' title='bbox 391 1923 455 1974; x_wconf 89' lang='lat' dir='ltr'><strong>eos,</strong></span> <span class='ocrx_word' id='word_1_97' title='bbox 481 1902 533 1982; x_wconf 90' lang='lat' dir='ltr'><strong>qui</strong></span> <span class='ocrx_word' id='word_1_98' title='bbox 560 1923 615 1963; x_wconf 88' lang='lat' dir='ltr'><strong>sua</strong></span> <span class='ocrx_word' id='word_1_99' title='bbox 640 1903 805 1982; x_wconf 78' lang='lat' dir='ltr'><strong>permisere</strong></span> <span class='ocrx_word' id='word_1_100' title='bbox 830 1903 985 1971; x_wconf 75' lang='lat' dir='ltr'><strong>Fortunae,</strong></span> <span class='ocrx_word' id='word_1_101' title='bbox 1010 1899 1086 1959; x_wconf 92' lang='lat' dir='ltr'><strong>nihil</strong></span> 
     </span>
     <span class='ocr_line' id='line_1_14' title="bbox 92 1997 1087 2078; baseline 0.002 -24"><span class='ocrx_word' id='word_1_102' title='bbox 92 1997 199 2058; x_wconf 88' lang='lat' dir='ltr'><strong>stabile</strong></span> <span class='ocrx_word' id='word_1_103' title='bbox 209 1997 250 2057; x_wconf 89' lang='lat' dir='ltr'><strong>ab</strong></span> <span class='ocrx_word' id='word_1_104' title='bbox 258 1997 311 2057; x_wconf 86' lang='lat' dir='ltr'><strong>illa</strong></span> <span class='ocrx_word' id='word_1_105' title='bbox 322 1999 427 2058; x_wconf 89' lang='lat' dir='ltr'><strong>datum</strong></span> <span class='ocrx_word' id='word_1_106' title='bbox 439 2019 516 2070; x_wconf 87' lang='lat' dir='ltr'><strong>esse,</strong></span> <span class='ocrx_word' id='word_1_107' title='bbox 531 1999 598 2078; x_wconf 87' lang='lat' dir='ltr'><strong>ejus</strong></span> <span class='ocrx_word' id='word_1_108' title='bbox 608 1999 711 2057; x_wconf 91' lang='lat' dir='ltr'><strong>omnia</strong></span> <span class='ocrx_word' id='word_1_109' title='bbox 723 2000 818 2058; x_wconf 83' lang='lat' dir='ltr'><strong>{luere</strong></span> <span class='ocrx_word' id='word_1_110' title='bbox 833 2020 905 2058; x_wconf 88' lang='lat' dir='ltr'><strong>aura</strong></span> <span class='ocrx_word' id='word_1_111' title='bbox 918 1998 1087 2057; x_wconf 85' lang='lat' dir='ltr'><strong>mobilius?</strong></span> 
     </span>
     <span class='ocr_line' id='line_1_15' title="bbox 92 2093 1088 2175; baseline 0.002 -25"><span class='ocrx_word' id='word_1_112' title='bbox 92 2095 187 2154; x_wconf 87' lang='lat' dir='ltr'><strong>nescit</strong></span> <span class='ocrx_word' id='word_1_113' title='bbox 199 2095 283 2153; x_wconf 92' lang='lat' dir='ltr'><strong>enim</strong></span> <span class='ocrx_word' id='word_1_114' title='bbox 297 2095 464 2175; x_wconf 85' lang='lat' dir='ltr'><strong>quiescere,</strong></span> <span class='ocrx_word' id='word_1_115' title='bbox 477 2095 591 2174; x_wconf 81' lang='lat' dir='ltr'><strong>gaudet</strong></span> <span class='ocrx_word' id='word_1_116' title='bbox 600 2096 679 2154; x_wconf 87' lang='lat' dir='ltr'><strong>laetis</strong></span> <span class='ocrx_word' id='word_1_117' title='bbox 693 2095 792 2154; x_wconf 91' lang='lat' dir='ltr'><strong>tristia</strong></span> <span class='ocrx_word' id='word_1_118' title='bbox 809 2095 1005 2168; x_wconf 72' lang='lat' dir='ltr'><strong>substituere,</strong></span> <span class='ocrx_word' id='word_1_119' title='bbox 1026 2093 1088 2153; x_wconf 84' lang='lat' dir='ltr'><strong>nti-</strong></span> 
     </span>
     <span class='ocr_line' id='line_1_16' title="bbox 91 2191 1088 2271; baseline 0 -23"><span class='ocrx_word' id='word_1_120' title='bbox 91 2209 146 2266; x_wconf 85' lang='lat' dir='ltr'><strong>que</strong></span> <span class='ocrx_word' id='word_1_121' title='bbox 155 2191 296 2252; x_wconf 87' lang='lat' dir='ltr'><strong>miscere.</strong></span> <span class='ocrx_word' id='word_1_122' title='bbox 306 2192 424 2271; x_wconf 72' lang='lat' dir='ltr'><strong>ltaque,</strong></span> <span class='ocrx_word' id='word_1_123' title='bbox 438 2192 580 2251; x_wconf 87' lang='lat' dir='ltr'><strong>secundis</strong></span> <span class='ocrx_word' id='word_1_124' title='bbox 592 2192 837 2264; x_wconf 84' lang='lat' dir='ltr'><strong>nemoconfidat,</strong></span> <span class='ocrx_word' id='word_1_125' title='bbox 851 2191 986 2250; x_wconf 90' lang='lat' dir='ltr'><strong>adversis</strong></span> <span class='ocrx_word' id='word_1_126' title='bbox 997 2211 1088 2249; x_wconf 90' lang='lat' dir='ltr'><strong>nemo</strong></span> 
     </span>
     <span class='ocr_line' id='line_1_17' title="bbox 91 2284 1089 2355; baseline 0.002 -13"><span class='ocrx_word' id='word_1_127' title='bbox 91 2284 233 2348; x_wconf 87' lang='lat' dir='ltr'><strong>deficiat:</strong></span> <span class='ocrx_word' id='word_1_128' title='bbox 259 2287 384 2347; x_wconf 76' lang='lat' dir='ltr'><strong>alternae</strong></span> <span class='ocrx_word' id='word_1_129' title='bbox 404 2296 476 2347; x_wconf 92' lang='lat' dir='ltr'><strong>sunt</strong></span> <span class='ocrx_word' id='word_1_130' title='bbox 493 2289 574 2348; x_wconf 88' lang='lat' dir='ltr'><strong>vices</strong></span> <span class='ocrx_word' id='word_1_131' title='bbox 596 2310 710 2348; x_wconf 92' lang='lat' dir='ltr'><strong>rerum.</strong></span> <span class='ocrx_word' id='word_1_132' title='bbox 734 2288 814 2355; x_wconf 85' lang='lat' dir='ltr'><strong>Quid</strong></span> <span class='ocrx_word' id='word_1_133' title='bbox 836 2289 993 2348; x_wconf 81' lang='lat' dir='ltr'><strong>exsultas?</strong></span> <span class='ocrx_word' id='word_1_134' title='bbox 1013 2289 1089 2346; x_wconf 86' lang='lat' dir='ltr'><strong>haec</strong></span> 
     </span>
     <span class='ocr_line' id='line_1_18' title="bbox 91 2383 1086 2460; baseline 0.004 -19"><span class='ocrx_word' id='word_1_135' title='bbox 91 2383 201 2460; x_wconf 90' lang='lat' dir='ltr'><strong>quibus</strong></span> <span class='ocrx_word' id='word_1_136' title='bbox 224 2383 345 2444; x_wconf 89' lang='lat' dir='ltr'><strong>veheris</strong></span> <span class='ocrx_word' id='word_1_137' title='bbox 356 2384 394 2444; x_wconf 89' lang='lat' dir='ltr'><strong>ad</strong></span> <span class='ocrx_word' id='word_1_138' title='bbox 412 2406 577 2458; x_wconf 88' lang='lat' dir='ltr'><strong>summum,</strong></span> <span class='ocrx_word' id='word_1_139' title='bbox 599 2386 699 2446; x_wconf 87' lang='lat' dir='ltr'><strong>neseis</strong></span> <span class='ocrx_word' id='word_1_140' title='bbox 718 2386 770 2445; x_wconf 93' lang='lat' dir='ltr'><strong>ubi</strong></span> <span class='ocrx_word' id='word_1_141' title='bbox 789 2393 818 2444; x_wconf 94' lang='lat' dir='ltr'><strong>te</strong></span> <span class='ocrx_word' id='word_1_142' title='bbox 832 2386 980 2445; x_wconf 86' lang='lat' dir='ltr'><strong>relictura</strong></span> <span class='ocrx_word' id='word_1_143' title='bbox 1000 2385 1086 2445; x_wconf 85' lang='lat' dir='ltr'><strong>sint:</strong></span> 
     </span>
     <span class='ocr_line' id='line_1_19' title="bbox 92 2477 1087 2563; baseline 0.003 -26"><span class='ocrx_word' id='word_1_144' title='bbox 92 2477 246 2540; x_wconf 90' lang='lat' dir='ltr'><strong>habebunt</strong></span> <span class='ocrx_word' id='word_1_145' title='bbox 265 2501 366 2555; x_wconf 84' lang='lat' dir='ltr'><strong>suum,</strong></span> <span class='ocrx_word' id='word_1_146' title='bbox 384 2502 445 2540; x_wconf 94' lang='lat' dir='ltr'><strong>non</strong></span> <span class='ocrx_word' id='word_1_147' title='bbox 465 2489 552 2540; x_wconf 90' lang='lat' dir='ltr'><strong>tuum</strong></span> <span class='ocrx_word' id='word_1_148' title='bbox 576 2483 680 2544; x_wconf 86' lang='lat' dir='ltr'><strong>finem.</strong></span> <span class='ocrx_word' id='word_1_149' title='bbox 701 2482 780 2551; x_wconf 87' lang='lat' dir='ltr'><strong>Quid</strong></span> <span class='ocrx_word' id='word_1_150' title='bbox 796 2484 904 2563; x_wconf 80' lang='lat' dir='ltr'><strong>jaces?</strong></span> <span class='ocrx_word' id='word_1_151' title='bbox 929 2484 966 2542; x_wconf 88' lang='lat' dir='ltr'><strong>ad</strong></span> <span class='ocrx_word' id='word_1_152' title='bbox 992 2483 1087 2540; x_wconf 91' lang='lat' dir='ltr'><strong>imum</strong></span> 
     </span>
     <span class='ocr_line' id='line_1_20' title="bbox 92 2575 1086 2656; baseline 0.004 -24"><span class='ocrx_word' id='word_1_153' title='bbox 92 2575 207 2636; x_wconf 90' lang='lat' dir='ltr'><strong>delatus</strong></span> <span class='ocrx_word' id='word_1_154' title='bbox 225 2597 279 2638; x_wconf 86' lang='lat' dir='ltr'><strong>es:</strong></span> <span class='ocrx_word' id='word_1_155' title='bbox 297 2599 378 2637; x_wconf 86' lang='lat' dir='ltr'><strong>nune</strong></span> <span class='ocrx_word' id='word_1_156' title='bbox 391 2585 437 2636; x_wconf 89' lang='lat' dir='ltr'><strong>est</strong></span> <span class='ocrx_word' id='word_1_157' title='bbox 452 2579 631 2656; x_wconf 84' lang='lat' dir='ltr'><strong>resurgendi</strong></span> <span class='ocrx_word' id='word_1_158' title='bbox 648 2579 745 2639; x_wconf 89' lang='lat' dir='ltr'><strong>locus.</strong></span> <span class='ocrx_word' id='word_1_159' title='bbox 769 2580 803 2638; x_wconf 93' lang='lat' dir='ltr'><strong>ln</strong></span> <span class='ocrx_word' id='word_1_160' title='bbox 823 2579 932 2638; x_wconf 87' lang='lat' dir='ltr'><strong>melius</strong></span> <span class='ocrx_word' id='word_1_161' title='bbox 947 2580 1086 2650; x_wconf 87' lang='lat' dir='ltr'><strong>adversa,</strong></span> 
     </span>
    </p>

    <p class='ocr_par' dir='ltr' id='par_1_6' title="bbox 91 2671 1089 3626">
     <span class='ocr_line' id='line_1_21' title="bbox 91 2671 1089 2756; baseline 0.005 -29"><span class='ocrx_word' id='word_1_162' title='bbox 91 2671 120 2728; x_wconf 90' lang='lat' dir='ltr'><strong>in</strong></span> <span class='ocrx_word' id='word_1_163' title='bbox 138 2672 275 2732; x_wconf 86' lang='lat' dir='ltr'><strong>deterius</strong></span> <span class='ocrx_word' id='word_1_164' title='bbox 294 2681 399 2754; x_wconf 87' lang='lat' dir='ltr'><strong>optata</strong></span> <span class='ocrx_word' id='word_1_165' title='bbox 421 2675 599 2735; x_wconf 87' lang='lat' dir='ltr'><strong>flectuntur.</strong></span> <span class='ocrx_word' id='word_1_166' title='bbox 617 2676 679 2734; x_wconf 91' lang='lat' dir='ltr'><strong>lsta</strong></span> <span class='ocrx_word' id='word_1_167' title='bbox 694 2676 896 2756; x_wconf 89' lang='lat' dir='ltr'><strong>concipienda</strong></span> <span class='ocrx_word' id='word_1_168' title='bbox 917 2683 964 2735; x_wconf 90' lang='lat' dir='ltr'><strong>est</strong></span> <span class='ocrx_word' id='word_1_169' title='bbox 985 2675 1089 2735; x_wconf 89' lang='lat' dir='ltr'><strong>animo</strong></span> 
     </span>
     <span class='ocr_line' id='line_1_22' title="bbox 92 2769 1088 2853; baseline 0.006 -30"><span class='ocrx_word' id='word_1_170' title='bbox 92 2769 231 2842; x_wconf 88' lang='lat' dir='ltr'><strong>varietas,</strong></span> <span class='ocrx_word' id='word_1_171' title='bbox 243 2791 306 2829; x_wconf 93' lang='lat' dir='ltr'><strong>non</strong></span> <span class='ocrx_word' id='word_1_172' title='bbox 316 2771 504 2850; x_wconf 89' lang='lat' dir='ltr'><strong>privatarum</strong></span> <span class='ocrx_word' id='word_1_173' title='bbox 516 2778 637 2831; x_wconf 90' lang='lat' dir='ltr'><strong>tantum</strong></span> <span class='ocrx_word' id='word_1_174' title='bbox 650 2772 809 2845; x_wconf 85' lang='lat' dir='ltr'><strong>domuum,</strong></span> <span class='ocrx_word' id='word_1_175' title='bbox 822 2795 898 2853; x_wconf 87' lang='lat' dir='ltr'><strong>quas</strong></span> <span class='ocrx_word' id='word_1_176' title='bbox 909 2773 985 2832; x_wconf 89' lang='lat' dir='ltr'><strong>levis</strong></span> <span class='ocrx_word' id='word_1_177' title='bbox 1000 2793 1088 2832; x_wconf 88' lang='lat' dir='ltr'><strong>casus</strong></span> 
     </span>
     <span class='ocr_line' id='line_1_23' title="bbox 92 2863 1087 2947; baseline 0.006 -27"><span class='ocrx_word' id='word_1_178' title='bbox 92 2863 230 2944; x_wconf 83' lang='lat' dir='ltr'><strong>impellit,</strong></span> <span class='ocrx_word' id='word_1_179' title='bbox 253 2866 306 2925; x_wconf 90' lang='lat' dir='ltr'><strong>sed</strong></span> <span class='ocrx_word' id='word_1_180' title='bbox 326 2867 417 2926; x_wconf 88' lang='lat' dir='ltr'><strong>etiam</strong></span> <span class='ocrx_word' id='word_1_181' title='bbox 439 2867 642 2947; x_wconf 86' lang='lat' dir='ltr'><strong>publicarum.</strong></span> <span class='ocrx_word' id='word_1_182' title='bbox 665 2869 772 2946; x_wconf 84' lang='lat' dir='ltr'><strong>Regna</strong></span> <span class='ocrx_word' id='word_1_183' title='bbox 795 2891 833 2929; x_wconf 87' lang='lat' dir='ltr'><strong>ex</strong></span> <span class='ocrx_word' id='word_1_184' title='bbox 856 2870 961 2928; x_wconf 85' lang='lat' dir='ltr'><strong>intimo</strong></span> <span class='ocrx_word' id='word_1_185' title='bbox 982 2876 1087 2928; x_wconf 91' lang='lat' dir='ltr'><strong>coorta</strong></span> 
     </span>
     <span class='ocr_line' id='line_1_24' title="bbox 92 2963 1088 3046; baseline 0.006 -29"><span class='ocrx_word' id='word_1_186' title='bbox 92 2980 184 3041; x_wconf 86' lang='lat' dir='ltr'><strong>supra¹</strong></span> <span class='ocrx_word' id='word_1_187' title='bbox 206 2963 393 3042; x_wconf 85' lang='lat' dir='ltr'><strong>imperantes</strong></span> <span class='ocrx_word' id='word_1_188' title='bbox 419 2965 636 3027; x_wconf 88' lang='lat' dir='ltr'><strong>constiterunt.</strong></span> <span class='ocrx_word' id='word_1_189' title='bbox 664 2965 777 3025; x_wconf 90' lang='lat' dir='ltr'><strong>Vetera</strong></span> <span class='ocrx_word' id='word_1_190' title='bbox 804 2967 931 3046; x_wconf 84' lang='lat' dir='ltr'><strong>imperia</strong></span> <span class='ocrx_word' id='word_1_191' title='bbox 957 2966 989 3025; x_wconf 87' lang='lat' dir='ltr'><strong>in</strong></span> <span class='ocrx_word' id='word_1_192' title='bbox 1020 2965 1088 3046; x_wconf 90' lang='lat' dir='ltr'><strong>ipso</strong></span> 
     </span>
     <span class='ocr_line' id='line_1_25' title="bbox 92 3055 1087 3143; baseline 0.007 -30"><span class='ocrx_word' id='word_1_193' title='bbox 92 3055 162 3118; x_wconf 88' lang='lat' dir='ltr'><strong>llore</strong></span> <span class='ocrx_word' id='word_1_194' title='bbox 190 3057 380 3120; x_wconf 82' lang='lat' dir='ltr'><strong>oeciderunt.</strong></span> <span class='ocrx_word' id='word_1_195' title='bbox 407 3061 543 3120; x_wconf 89' lang='lat' dir='ltr'><strong>Inveniri</strong></span> <span class='ocrx_word' id='word_1_196' title='bbox 569 3082 632 3121; x_wconf 92' lang='lat' dir='ltr'><strong>non</strong></span> <span class='ocrx_word' id='word_1_197' title='bbox 659 3069 762 3141; x_wconf 87' lang='lat' dir='ltr'><strong>potest</strong></span> <span class='ocrx_word' id='word_1_198' title='bbox 803 3065 959 3136; x_wconf 80' lang='lat' dir='ltr'><strong>numerus,</strong></span> <span class='ocrx_word' id='word_1_199' title='bbox 995 3084 1087 3143; x_wconf 90' lang='lat' dir='ltr'><strong>quam</strong></span> 
     </span>
     <span class='ocr_line' id='line_1_26' title="bbox 92 3154 1089 3220; baseline 0.009 -9"><span class='ocrx_word' id='word_1_200' title='bbox 92 3154 185 3215; x_wconf 92' lang='lat' dir='ltr'><strong>multa</strong></span> <span class='ocrx_word' id='word_1_201' title='bbox 204 3156 242 3216; x_wconf 91' lang='lat' dir='ltr'><strong>ab</strong></span> <span class='ocrx_word' id='word_1_202' title='bbox 267 3156 334 3216; x_wconf 91' lang='lat' dir='ltr'><strong>aliis</strong></span> <span class='ocrx_word' id='word_1_203' title='bbox 357 3157 455 3217; x_wconf 85' lang='lat' dir='ltr'><strong>fracta</strong></span> <span class='ocrx_word' id='word_1_204' title='bbox 477 3158 539 3217; x_wconf 90' lang='lat' dir='ltr'><strong>sint</strong></span> <span class='ocrx_word' id='word_1_205' title='bbox 556 3176 563 3219; x_wconf 91' lang='lat'>:</span> <span class='ocrx_word' id='word_1_206' title='bbox 580 3178 663 3218; x_wconf 87' lang='lat' dir='ltr'><strong>nunc</strong></span> <span class='ocrx_word' id='word_1_207' title='bbox 684 3179 754 3218; x_wconf 88' lang='lat' dir='ltr'><strong>cum</strong></span> <span class='ocrx_word' id='word_1_208' title='bbox 773 3161 904 3219; x_wconf 87' lang='lat' dir='ltr'><strong>maxime</strong></span> <span class='ocrx_word' id='word_1_209' title='bbox 926 3161 1010 3220; x_wconf 90' lang='lat' dir='ltr'><strong>Deus</strong></span> <span class='ocrx_word' id='word_1_210' title='bbox 1029 3160 1089 3220; x_wconf 84' lang='lat' dir='ltr'><strong>alia</strong></span> 
     </span>
     <span class='ocr_line' id='line_1_27' title="bbox 92 3253 1088 3337; baseline 0.01 -31"><span class='ocrx_word' id='word_1_211' title='bbox 92 3254 229 3324; x_wconf 84' lang='lat' dir='ltr'><strong>exstruit,</strong></span> <span class='ocrx_word' id='word_1_212' title='bbox 246 3253 304 3317; x_wconf 90' lang='lat' dir='ltr'><strong>alia</strong></span> <span class='ocrx_word' id='word_1_213' title='bbox 324 3254 487 3328; x_wconf 85' lang='lat' dir='ltr'><strong>submittit,</strong></span> <span class='ocrx_word' id='word_1_214' title='bbox 506 3275 562 3314; x_wconf 88' lang='lat' dir='ltr'><strong>nec</strong></span> <span class='ocrx_word' id='word_1_215' title='bbox 576 3254 711 3315; x_wconf 90' lang='lat' dir='ltr'><strong>molliter</strong></span> <span class='ocrx_word' id='word_1_216' title='bbox 727 3257 826 3337; x_wconf 89' lang='lat' dir='ltr'><strong>ponit,</strong></span> <span class='ocrx_word' id='word_1_217' title='bbox 844 3257 897 3315; x_wconf 91' lang='lat' dir='ltr'><strong>sed</strong></span> <span class='ocrx_word' id='word_1_218' title='bbox 912 3277 949 3316; x_wconf 87' lang='lat' dir='ltr'><strong>ex</strong></span> <span class='ocrx_word' id='word_1_219' title='bbox 963 3257 1088 3336; x_wconf 84' lang='lat' dir='ltr'><strong>fastigio</strong></span> 
     </span>
     <span class='ocr_line' id='line_1_28' title="bbox 92 3349 1087 3433; baseline 0.008 -30"><span class='ocrx_word' id='word_1_220' title='bbox 92 3366 143 3406; x_wconf 91' lang='lat' dir='ltr'><strong>suo</strong></span> <span class='ocrx_word' id='word_1_221' title='bbox 157 3349 258 3409; x_wconf 87' lang='lat' dir='ltr'><strong>nullas</strong></span> <span class='ocrx_word' id='word_1_222' title='bbox 271 3349 412 3410; x_wconf 87' lang='lat' dir='ltr'><strong>habitura</strong></span> <span class='ocrx_word' id='word_1_223' title='bbox 426 3351 571 3431; x_wconf 89' lang='lat' dir='ltr'><strong>reliquias</strong></span> <span class='ocrx_word' id='word_1_224' title='bbox 581 3351 690 3432; x_wconf 87' lang='lat' dir='ltr'><strong>jactat.</strong></span> <span class='ocrx_word' id='word_1_225' title='bbox 707 3351 820 3432; x_wconf 83' lang='lat' dir='ltr'><strong>Magna</strong></span> <span class='ocrx_word' id='word_1_226' title='bbox 833 3353 902 3427; x_wconf 86' lang='lat' dir='ltr'><strong>ista,</strong></span> <span class='ocrx_word' id='word_1_227' title='bbox 914 3353 985 3433; x_wconf 88' lang='lat' dir='ltr'><strong>quia</strong></span> <span class='ocrx_word' id='word_1_228' title='bbox 999 3354 1087 3433; x_wconf 92' lang='lat' dir='ltr'><strong>parvi</strong></span> 
     </span>
     <span class='ocr_line' id='line_1_29' title="bbox 93 3447 1088 3521; baseline 0.01 -22"><span class='ocrx_word' id='word_1_229' title='bbox 93 3462 205 3515; x_wconf 90' lang='lat' dir='ltr'><strong>sumus,</strong></span> <span class='ocrx_word' id='word_1_230' title='bbox 224 3447 388 3507; x_wconf 87' lang='lat' dir='ltr'><strong>eredimus.</strong></span> <span class='ocrx_word' id='word_1_231' title='bbox 403 3447 512 3508; x_wconf 90' lang='lat' dir='ltr'><strong>Multis</strong></span> <span class='ocrx_word' id='word_1_232' title='bbox 528 3449 620 3508; x_wconf 88' lang='lat' dir='ltr'><strong>rebus</strong></span> <span class='ocrx_word' id='word_1_233' title='bbox 633 3470 695 3508; x_wconf 90' lang='lat' dir='ltr'><strong>non</strong></span> <span class='ocrx_word' id='word_1_234' title='bbox 718 3471 755 3508; x_wconf 88' lang='lat' dir='ltr'><strong>ex</strong></span> <span class='ocrx_word' id='word_1_235' title='bbox 775 3456 883 3510; x_wconf 90' lang='lat' dir='ltr'><strong>natura</strong></span> <span class='ocrx_word' id='word_1_236' title='bbox 898 3471 962 3521; x_wconf 89' lang='lat' dir='ltr'><strong>sua,</strong></span> <span class='ocrx_word' id='word_1_237' title='bbox 981 3449 1033 3508; x_wconf 86' lang='lat' dir='ltr'><strong>sed</strong></span> <span class='ocrx_word' id='word_1_238' title='bbox 1051 3471 1088 3509; x_wconf 87' lang='lat' dir='ltr'><strong>ex</strong></span> 
     </span>
     <span class='ocr_line' id='line_1_30' title="bbox 93 3538 790 3626; baseline 0.016 -29"><span class='ocrx_word' id='word_1_239' title='bbox 93 3538 264 3604; x_wconf 85' lang='lat' dir='ltr'><strong>humilitate</strong></span> <span class='ocrx_word' id='word_1_240' title='bbox 277 3541 401 3622; x_wconf 90' lang='lat' dir='ltr'><strong>quidem</strong></span> <span class='ocrx_word' id='word_1_241' title='bbox 417 3553 522 3605; x_wconf 86' lang='lat' dir='ltr'><strong>nostra</strong></span> <span class='ocrx_word' id='word_1_242' title='bbox 536 3546 719 3626; x_wconf 83' lang='lat' dir='ltr'><strong>magnitudo</strong></span> <span class='ocrx_word' id='word_1_243' title='bbox 734 3554 790 3609; x_wconf 87' lang='lat' dir='ltr'><strong>est.</strong></span> 
     </span>
    </p>
   </div>
   <div class='ocr_carea' id='block_1_5' title="bbox 132 3831 433 3886">
    <p class='ocr_par' dir='ltr' id='par_1_7' title="bbox 132 3831 433 3886">
     <span class='ocr_line' id='line_1_31' title="bbox 132 3831 433 3886; baseline 0.01 -13"><span class='ocrx_word' id='word_1_244' title='bbox 132 3831 172 3874; x_wconf 81' lang='lat' dir='ltr'><strong>Vie</strong></span> <span class='ocrx_word' id='word_1_245' title='bbox 178 3834 257 3886; x_wconf 64' lang='lat' dir='ltr'><strong>priore</strong></span> <span class='ocrx_word' id='word_1_246' title='bbox 269 3833 306 3875; x_wconf 78' lang='lat' dir='ltr'><strong>des</strong></span> <span class='ocrx_word' id='word_1_247' title='bbox 316 3833 433 3876; x_wconf 76' lang='lat' dir='ltr'><strong>Romaim.</strong></span> 
     </span>
    </p>
   </div>
   <div class='ocr_carea' id='block_1_6' title="bbox 508 3917 668 3970">
    <p class='ocr_par' dir='ltr' id='par_1_8' title="bbox 508 3917 668 3970">
     <span class='ocr_line' id='line_1_32' title="bbox 508 3917 668 3970; baseline 0 0"><span class='ocrx_word' id='word_1_248' title='bbox 508 3917 668 3970; x_wconf 61' lang='lat'><strong>-337-2.</strong></span> 
     </span>
    </p>
   </div>
   <div class='ocr_carea' id='block_1_7' title="bbox 0 0 1349 4258">
    <p class='ocr_par' dir='ltr' id='par_1_9' title="bbox 0 0 1349 4258">
     <span class='ocr_line' id='line_1_33' title="bbox 0 0 1349 4258; baseline 0 0"><span class='ocrx_word' id='word_1_249' title='bbox 0 0 1349 4258; x_wconf 95' lang='lat' dir='ltr'><strong> </strong></span> 
     </span>
    </p>
   </div>
  </div>
 </body>
</html>
