2656 4258
629 201 677 238 Lus
700 201 809 240 uenimus

221 309 394 370 occidisset.
412 309 498 368 Missi
515 311 617 369 statim
627 313 797 390 pontilices,
815 311 1093 392 quidelodiendam
1111 331 1220 369 necan-

220 407 353 487 damque
367 415 520 468 curarent.
541 407 595 466 llla
615 429 696 467 nunc
712 408 749 470 ad
772 411 907 481 Vestam,
937 429 1018 467 nunc
1037 407 1076 467 ad
1102 414 1221 466 ceteros

208 495 295 562 ¹deos
312 523 419 562 manus
436 504 574 578 tendens,
593 505 689 564 multa
714 504 765 564 sed
782 506 840 564 hoc
855 505 1104 585 frequentissime
1119 503 1222 563 clami-

221 600 359 660 tabat2«
389 599 440 659 Me
463 601 567 660 Caesar
598 602 746 680 incestam
772 611 871 681 putat,
895 624 955 681 qua
980 623 1064 662 sacra
1090 601 1222 659 iaciente

221 697 306 770 vicit,
325 697 536 776 triumphavit.
557 723 569 752 a
585 697 750 757 Blandiens
765 698 830 757 haec
846 720 884 758 an
899 698 1041 770 irridenS,
1059 719 1096 756 ex
1110 696 1222 756 fiducia

221 794 279 864 sui,
296 814 333 853 an
350 815 386 851 ex
399 799 578 873 contemptu
600 795 747 875 principis
764 795 887 870 dixerit,
907 796 1034 853 dubium
1050 801 1106 853 est.
1124 793 1220 858 Dixit.

222 888 319 958 donec
332 890 370 949 ad
385 890 580 969 supplicium,
605 893 706 950 nescio
731 913 769 950 an
789 893 948 964 innocenS,
965 899 1047 950 certe
1064 899 1221 969 tamquam

220 985 367 1046 innocens
383 987 474 1046 ducta
489 995 545 1046 est.
559 988 639 1055 Quin
657 989 759 1061 etiam,
775 1009 843 1047 cum
855 989 886 1046 in
900 988 974 1046 illud
989 987 1222 1047 subterraneum

218 1073 444 1156 demitteretur,
465 1083 661 1165 haesissetque
684 1084 881 1144 descendenti
909 1085 997 1157 stola,
1023 1085 1118 1143 vertit
1141 1104 1224 1142 sear

221 1179 395 1257 recollegit;
413 1201 544 1260 cumque
560 1181 588 1239 ei
602 1181 738 1239 carnifex
765 1202 889 1240 manum
905 1180 1001 1254 daret,
1023 1188 1164 1240 aversata
1177 1188 1225 1239 est

221 1285 253 1336 et
264 1276 393 1350 resiluit,
408 1276 585 1357 soedumque
598 1285 784 1350 contactum,
798 1278 884 1358 quasi
898 1278 988 1357 plane
1006 1284 1116 1336 acasto
1132 1297 1226 1357 puro-

223 1395 283 1454 que
298 1394 439 1454 corpore,
455 1373 623 1433 novissima
640 1376 803 1435 sanctitate
817 1375 935 1455 rejecit.

223 1611 306 1668 164.
320 1613 444 1681 Quelle
455 1611 549 1669 etett
563 1613 745 1671 autrefois
754 1615 794 1670 la
804 1615 867 1671 dot
881 1616 947 1671 des
956 1613 1224 1683 patrierennes.

303 1724 433 1806 (Quanti
449 1721 524 1785 clini
540 1726 750 1807 patriciarum
770 1726 929 1807 uirginum
951 1726 1006 1786 dor
1020 1725 1144 1808 suerit.)

156 1903 197 1966 3ἃ
220 1947 222 1956 ,
245 1902 341 1972 ,Olim
363 1903 470 1982 patriae
485 1922 548 1960 rem
569 1903 791 1982 unusquisque,
809 1924 872 1961 non
889 1911 1102 1980 suam‘augere
1114 1923 1224 1982 prope-

222 1998 319 2072 rabat,
332 2019 510 2078 pauperque
521 1995 554 2056 in
570 1998 666 2058 divite
682 2020 773 2079 quam
789 1999 875 2058 dives
888 2000 921 2058 in
940 2019 1074 2078 paupere
1095 1999 1226 2078 imperio

220 2095 336 2154 versari
351 2094 495 2154 malebat.
517 2098 621 2174 Atque
643 2095 715 2154 huic
736 2104 798 2154 tam
814 2096 962 2174 praeclaro
992 2096 1151 2174 proposito
1174 2095 1224 2154 illa
1319 2083 1320 2086 Ἰ

221 2212 337 2250 merces
353 2191 549 2262 reddebatur,
566 2191 648 2272 quod
664 2192 741 2251 nihil
756 2213 942 2272 eorumquae
953 2192 1062 2250 virtuti
1073 2193 1227 2250 debentur

220 2309 322 2347 emere
355 2289 484 2366 pecunia
511 2287 633 2360 licebat,
670 2289 845 2368 inopiaeque
877 2289 1043 2347 illustrium
1086 2283 1226 2348 virorum

222 2384 345 2464 publice
359 2381 602 2445 su'ecurreba'tur.
621 2386 829 2464 ltaque·cum,
850 2386 985 2443 secundo
1005 2386 1117 2464 punico
1130 2384 1224 2455 belle,

223 2480 280 2540 Cn.
299 2481 399 2558 Scipio
411 2501 447 2538 ex
470 2481 620 2560 Hispania
634 2482 753 2540 senatui
772 2483 953 2560 scripsisset,
981 2490 1088 2560 petens
1112 2488 1146 2540 ut
1168 2481 1226 2540 sibi

222 2597 379 2636 successor
392 2578 577 2650 mitteretur,
595 2579 666 2658 quia
682 2578 776 2636 filiam
789 2579 938 2656 virginem
953 2578 1066 2636 adultae
1073 2578 1137 2657 jam
1153 2585 1228 2636 aeta-

222 2675 261 2732 tis
279 2673 414 2745 haberet,
432 2695 531 2752 neque
547 2675 574 2732 ei
590 2675 655 2734 sine
678 2695 710 2732 se
728 2675 783 2732 dos
801 2675 938 2753 expediri
954 2682 1069 2754 posset,
1086 2682 1226 2751 senatuS,

222 2791 261 2829 ne
274 2758 445 2852 respublica
460 2771 541 2830 bono
552 2771 628 2829 duce
642 2778 768 2842 careret,
786 2772 881 2849 patris
893 2772 950 2828 sibi
961 2779 1063 2850 partes
1079 2771 1227 2850 desump-
1319 2805 1320 2822 1

222 2868 273 2937 sit,
290 2868 519 2945 constitutaque
535 2866 616 2938 dote,
635 2888 784 2925 summam
803 2868 869 2946 ejus
891 2889 927 2926 ex
947 2869 1054 2926 aerario
1072 2868 1226 2945 erogavit,
1319 2933 1320 2936 Ἰ

222 2986 257 3022 ac
270 2964 402 3042 puellam
419 2971 549 3042 nuptum
566 2963 660 3022 dedit.
680 2957 768 3022 Dotis
783 2963 893 3022 modus
907 2965 958 3022 XL
974 2965 1057 3023 milia
1073 2964 1141 3024 aeris
1152 2965 1226 3023 luit.
1319 3027 1320 3040 ,

224 3061 259 3118 ln
277 3082 337 3140 quo
353 3060 475 3118 habitus
490 3068 629 3117 veterum
656 3061 912 3140 patrimoniorum
944 3061 1087 3139 cognosci
1109 3067 1227 3141 potest.

222 3158 361 3236 Namque
378 3156 452 3214 adeo
470 3147 593 3214 luerunt
608 3165 684 3228 arta,
699 3165 733 3215 ut
750 3157 846 3230 Tutia,
866 3157 1003 3215 Caesonis
1031 3157 1104 3228 filia,
1129 3158 1229 3216 maxi·

222 3275 303 3311 mam
319 3254 421 3311 dotem
444 3253 482 3311 ad
506 3253 606 3311 virum
630 3254 657 3312 X
683 3254 767 3312 milia
789 3254 857 3312 aeris
884 3255 1023 3312 attulisse
1037 3255 1102 3312 visa
1115 3254 1176 3328 sit;
1195 3263 1228 3313 et

223 3350 380 3428 Megullia,
406 3350 478 3429 quia
505 3370 575 3408 cum
608 3349 830 3430 quinquaginta
869 3351 991 3408 milibus
1025 3351 1094 3408 aeris
1121 3351 1228 3411 mariti
1319 3373 1320 3392 ¹

223 3447 348 3504 domum
380 3446 517 3520 intravit,
547 3471 561 3501 u
581 3447 734 3506 Dotatae»
760 3433 929 3523 cognomen
956 3447 1121 3505 invenerit.
1150 3446 1229 3507 ldeo
1319 3467 1320 3502 1

223 3551 347 3602 senatus
374 3543 504 3602 Fabricii
527 3543 740 3623 Scipionisque
768 3543 846 3602 filias
877 3543 915 3602 ab
937 3543 1083 3602 indotatis
1107 3545 1229 3622 nuptiis

123 3703 124 3710 ,
223 3639 404 3698 liberalitate
427 3661 480 3699 sua
502 3640 681 3714 vindicavit,
723 3641 869 3718 quoniam
895 3647 1030 3720 paternae
1061 3639 1227 3700 hereditati

225 3743 333 3814 praeter
343 3737 475 3814 opimam
487 3735 615 3813 gloriam
627 3736 702 3794 nihil
718 3747 781 3795 erat
797 3737 878 3816 quod
892 3743 1051 3816 acceptum
1060 3736 1226 3798 referrent.

652 3921 804 3971 -lll—
