2656 4258
548 143 550 154 ’
626 173 714 211 uuorr
736 157 819 210 univit

228 282 330 342 omnia
347 284 493 344 vocabula
508 293 674 344 censentur
686 284 945 364 continenturque
962 282 1132 361 rogationis
1145 281 1223 361 prin-

100 453 106 464 1
158 401 184 438 ‚r
226 379 318 458 cipali
339 397 449 458 genero
474 387 504 440 et
531 381 669 456 nomine·;
696 381 861 454 nam‚·nisi
885 380 1019 460 populus
1044 387 1106 439 aut·
1116 379 1221 458 plebes

228 484 363 554 rogetur,
381 465 609 557 nullumplebis
622 485 676 536 aut
691 477 798 557 populi
815 478 937 558 jussum
955 475 1021 536 fieri
1037 483 1149 556 potest.
1166 475 1223 533 Sed

227 593 413 652 quamquam
430 575 496 632 haec
515 574 557 633 ita
577 581 659 644 sunt,
674 574 707 632 in
728 574 884 633 veteribus
899 580 1003 632 tamen
1022 571 1224 653 scriptisnon

228 688 367 746 magnam
389 670 610 729 vocabulorum
630 671 759 729 istorum
779 670 983 729 differentiam
1005 690 1071 728 esse
1089 668 1224 730 animad-

228 767 384 824 vertimus.
398 767 476 826 Nam
493 766 663 846 plebiscita,
684 766 831 827 translato
845 767 980 838 nomine,
997 766 1081 844 leges
1094 764 1225 844 appella-

227 871 353 935 verunt3
374 863 542 944 eademque
559 865 663 923 omnia
679 864 809 922 confuso
827 871 858 923 et
876 861 1225 924 indistincto-vocabulo

160 1037 163 1042 y
227 960 400 1036 rogationes
422 960 576 1019 dixerunt.
602 960 764 1019 Sallustius
788 981 922 1040 quoque,
944 959 1170 1039 proprietatum
1191 958 1224 1016 in

131 1129 133 1134 ι
180 1053 185 1064 ’
227 1048 329 1122 verbis
341 1057 610 1130 retinentissimus,
628 1057 844 1118 consuetudini
862 1056 1025 1117 concessit.

341 1285 424 1344 178.
444 1271 515 1343 Sur
531 1287 566 1342 le
585 1286 684 1344 droit
703 1288 747 1343 de
771 1285 933 1357 legitime
954 1281 1123 1343 defense.'

241 1481 245 1488 .
320 1397 402 1480 (Ipsa
425 1399 491 1480 lepe
512 1397 625 1480 cuique
640 1400 697 1481 jus
720 1397 814 1474 detur
833 1370 898 1458 sese
919 1395 1135 1480 defendendi.)

163 1578 217 1633 nh.
267 1574 355 1641 Quod
372 1575 396 1633 si
424 1575 593 1634 Duodecim
613 1575 737 1635 Tabulae
761 1583 947 1634 nocturnum
974 1574 1073 1633 iurem
1102 1593 1230 1654 quoquo

227 1671 331 1744 modo,
360 1671 508 1746 diurnum
533 1679 649 1746 autem,
679 1672 704 1730 si
730 1693 761 1730 se
790 1671 850 1730 telo
877 1671 1066 1744 detenderet,
1094 1670 1228 1730 interfici

227 1767 353 1847 impune
367 1767 543 1843 voluerunt,
561 1769 630 1848 quis
650 1775 696 1827 est
715 1767 778 1848 qui,
794 1790 918 1848 quoquo
937 1767 1028 1826 modo
1052 1766 1121 1846 quis
1133 1767 1232 1824 inter-

133 1845 138 1856 .
227 1864 400 1936 lectussit,
425 1865 616 1945 puniendum
640 1872 738 1944 putet,
765 1885 835 1924 cum
856 1865 961 1924 videat
979 1862 1145 1944 aliquando
1164 1863 1232 1940 gla-

228 1961 312 2019 dium
330 1961 417 2020 nobis
430 1961 468 2020 ad
487 1961 644 2020 hominem
662 1961 863 2020 occidendum
879 1962 916 2019 ab
934 1960 1009 2040 ipsis
1027 1959 1142 2040 porrigi
1155 1958 1232 2038 legi-

228 2057 284 2116 bu's
294 2059 309 2116 ‘i
319 2058 414 2136 Atqui
428 2059 452 2116 si
466 2065 588 2137 tempus
601 2064 647 2115 est
662 2057 758 2115 ullum
768 2057 838 2137 jure
851 2057 984 2115 hominis
1001 2055 1141 2126 necandi,
1158 2075 1231 2134 quae

227 2153 323 2214 multa
338 2161 419 2226 sunt,
434 2161 516 2212 certe
533 2154 610 2212 illud
625 2161 671 2212 est
686 2175 747 2212 non
761 2144 853 2212 modo
865 2154 994 2233 justum,
1012 2164 1119 2210 v'erum
1134 2153 1232 2211 etiam

228 2251 443 2322 necessarium,
461 2271 531 2310 cum
547 2251 577 2308 vi
599 2251 646 2308 vis
666 2250 749 2310 illata
770 2251 956 2310 defenditur.
981 2250 1036 2308 Est
1053 2249 1150 2328 igitur
1163 2248 1233 2308 haec

229 2366 290 2404 non
303 2347 415 2425 scripta
429 2347 481 2406 sed
497 2353 569 2406 nata
584 2347 643 2418 lex,
660 2368 751 2426 quam
772 2368 834 2406 non
847 2347 1022 2420 didicimuS,
1039 2345 1230 2424 accepimus,

228 2443 367 2518 legimuS,
395 2463 502 2501 verum
528 2464 566 2502 ex
598 2450 706 2502 natura
737 2443 802 2522 ipsa
832 2443 1029 2522 arripuimus,
1055 2440 1231 2512 hausimus,

227 2539 442 2618 cupressimus,
458 2539 495 2598 ad
507 2560 599 2619 quam
618 2560 680 2598 non
700 2539 794 2611 docti,
816 2539 868 2597 sed
887 2539 972 2612 lacti,
999 2559 1061 2597 non
1079 2538 1232 2608 instituti,

243 2635 280 2694 ed
299 2635 410 2694 imbuti
430 2657 547 2710 sumuS,
572 2646 616 2709 ut,
640 2637 665 2694 si
690 2636 752 2695 vita
770 2644 875 2695 nostra
894 2637 927 2694 in
948 2636 1066 2714 aliquas
1087 2633 1231 2708 insidiaS,

175 2738 185 2746 ”
227 2733 299 2791 siin
312 2733 377 2789 vim
397 2741 428 2791 et
446 2734 477 2792 in
495 2721 558 2796 ¹tela
575 2739 629 2792 aut
648 2732 802 2792 latronum
820 2740 874 2791 aut
890 2733 1086 2790 inimicorum
1099 2725 1231 2790 incidis-

227 2836 283 2903 set,
302 2830 402 2887 omnis
419 2829 548 2888 honesta
567 2829 646 2887 ratio
666 2836 746 2887 esset
765 2830 962 2908 expediendae
986 2828 1104 2888 salutis.
1126 2828 1234 2886 Silent

227 2926 307 2983 enim
331 2926 413 3002 leges
432 2927 512 2985 inter
530 2946 612 2984 arma
630 2945 686 2984 nec
705 2946 737 2984 se
759 2925 929 3004 exspectari
945 2925 1067 3005 jubent,
1092 2945 1162 2983 cum
1189 2924 1235 2996 ei,

226 3023 279 3102 qui
301 3030 477 3101 exspectare
499 3023 584 3094 velit,
605 3030 675 3080 ante
695 3021 810 3101 injusta
827 3043 919 3101 poena
938 3021 1050 3080 luenda
1075 3022 1117 3080 sit
1135 3041 1239 3101 quam

224 3121 308 3198 justa
322 3119 497 3198 repetenda.
514 3119 578 3176 Etsi
594 3119 805 3197 persapienter
822 3126 852 3177 et
868 3119 1002 3198 quodam
1022 3118 1115 3177 modo
1135 3119 1240 3178 tacite

226 3215 279 3274 dat
294 3217 359 3295 ipsa
371 3215 419 3274 lex
434 3223 618 3294 potestatem
632 3202 827 3286 del'enden'di,
843 3236 912 3294 quae
931 3236 993 3273 non
1016 3215 1108 3273 modo
1129 3215 1242 3273 homi-

224 3319 297 3370 'nem
319 3312 427 3383 occidi,
451 3312 505 3370 sed
528 3332 593 3370 esse
615 3331 685 3370 cum
711 3311 773 3370 telo
800 3311 933 3370 hominis
956 3311 1117 3371 occidendi
1136 3333 1242 3372 causa

228 3416 321 3479 vetat,
335 3417 379 3480 ut,
393 3429 463 3468 cum
476 3429 578 3482 causa,
594 3429 654 3466 non
668 3408 769 3467 telum
779 3416 981 3488 quaereretur,
995 3409 1049 3488 qui
1064 3409 1111 3466 sui
1123 3408 1243 3467 defen-

227 3505 318 3562 dendi
330 3527 421 3565 causa
438 3505 499 3564 telo
519 3512 598 3564 esset
618 3525 702 3578 usus,
720 3497 780 3563 non
801 3506 934 3564 hominis
955 3505 1116 3564 occidendi
1136 3525 1242 3565 causa

227 3602 369 3662 habuisse
394 3602 489 3661 telum
512 3601 715 3682 judicaretur,
741 3602 936 3682 Quapropter
957 3602 1016 3661 hoc
1038 3610 1164 3661 maneat
1202 3603 1242 3662 in

226 3717 317 3756 causa
332 3717 337 3759 :
355 3693 564 3757 insidiatorem
579 3698 709 3757 interfici
719 3693 790 3779 jure
803 3719 904 3778 posse.

646 3911 682 3920 -
702 3882 752 3932 nl
770 3859 810 3920 2--
