2682 4258
514 195 551 236 aa
571 197 618 235 vua
639 179 739 236 rmvds
760 197 813 235 nas
834 195 959 236 seuerus

237 633 322 695 395.
336 637 407 692 Les
422 632 611 692 eerivelns
625 635 820 694 devrelent
834 637 1005 694 receuoir
1016 637 1100 707 plus
1114 635 1237 692 d’hon-

502 735 616 780 naurs
630 737 699 793 que
715 725 770 782 les
786 726 960 783 athletes.

238 905 431 990 (Ampliores
461 907 571 968 laudes
592 894 758 989 scriptores
785 929 882 991 quam
907 908 1032 986 athleta>
1054 905 1237 988 merentum)

169 1233 209 1298 2·
276 1225 440 1285 Nobilibus
453 1224 576 1285 athletis
589 1225 642 1306 qui
658 1225 812 1307 Olympia,
832 1226 952 1306 Pythia,
966 1225 1106 1296 Isthmia,
1122 1225 1238 1284 Nemea

236 1316 393 1396 vicissent,
406 1323 483 1381 tales
498 1317 515 1382 a
530 1321 710 1382 Graecorum
728 1323 898 1402 majoribus
914 1325 1046 1382 honores
1065 1322 1236 1400 contigere,

236 1420 280 1478 uti
298 1439 359 1477 non
380 1418 472 1479 modo
496 1420 527 1477 in
549 1427 704 1478 conventu
723 1427 838 1480 stantes
860 1441 930 1478 cum
952 1420 1054 1499 palma
1073 1427 1104 1478 et
1123 1439 1239 1477 corona

234 1515 351 1574 ferrent
369 1515 487 1588 laudeS,
511 1515 563 1574 sed
589 1516 681 1574 etiam
707 1517 738 1576 in
759 1537 828 1574 suas
847 1517 988 1575 civitates
1012 1535 1081 1574 cum
1104 1515 1237 1573 victoria

234 1613 360 1681 reversi,
378 1612 537 1691 quadrigis
555 1613 668 1671 muenia
689 1612 915 1691 triumphantes
935 1614 1095 1682 intrarent,
1111 1632 1128 1670 e
1143 1631 1239 1693 reque

234 1708 357 1788 publica
372 1716 522 1789 perpetuo
535 1710 713 1768 constitutis
729 1709 932 1787 vectigalibus
953 1710 1140 1768 fruerentur.
1158 1709 1239 1768 Cum

167 1817 169 1821 ’
234 1825 307 1882 ergo
322 1806 352 1863 id
369 1806 623 1877 animadvertam,
639 1806 882 1885 admirorequare
905 1826 967 1865 non
982 1805 1074 1864 iidem
1091 1806 1237 1876 honoreS,

234 1910 326 1981 atque
355 1902 537 1961 illustriores
565 1903 668 1975 etiam,
699 1903 839 1961 maximis
869 1904 993 1981 ingenio
1023 1903 1098 1962 viris
1127 1902 1239 1962 tributi
1316 1927 1317 1974 3

234 1999 306 2070 sint,
318 1999 370 2078 qui
384 1999 520 2058 infinitas
531 1999 679 2059 utilitates
692 2020 759 2058 aevo
772 2007 923 2078 perpetuo
936 2000 1080 2059 omnibus
1093 1999 1240 2079 gentibus

234 2103 392 2175 praestant.
418 2095 452 2153 ld
476 2095 558 2154 enim
584 2116 620 2154 eo
646 2097 742 2174 magis
764 2105 830 2154 erat
847 2096 968 2155 institui
988 2097 1128 2174 dignum,
1155 2096 1240 2175 quod

234 2191 357 2252 athletae
379 2213 491 2271 corpus
513 2199 631 2252 tantum
653 2193 928 2251 exercitationibus
953 2193 1064 2252 lortius
1090 2191 1238 2261 reddunt,

234 2289 399 2368 scriptores
423 2290 526 2367 magni
551 2309 613 2348 non
642 2290 746 2348 solum,
768 2291 888 2348 animos
910 2309 992 2357 suos,
1024 2288 1077 2347 sed
1099 2291 1239 2347 omnium

233 2406 357 2465 quoque
368 2385 539 2465 disciplinis
550 2388 774 2466 praeceptisque
786 2387 960 2465 perficiunt.
973 2385 1054 2454 Quid
1067 2386 1149 2446 enim
1161 2385 1241 2444 Milo

234 2481 440 2554 Crotoniates,
454 2482 536 2562 quod
546 2483 605 2542 fuit
615 2483 759 2554 invictus,
775 2482 952 2542 hominibus
962 2482 1110 2562 prodest?
1123 2483 1241 2562 Pytha-

234 2597 317 2656 gorae
339 2599 412 2637 vero
431 2587 595 2660 praecepta,
623 2579 769 2649 Platonis,
792 2579 977 2648 Aristotelis,
1003 2585 1241 2658 ceterorumque

138 2753 140 2758 Ι
234 2675 430 2756 sapientium,
459 2674 542 2735 nune
570 2676 661 2735 etiam
691 2676 847 2734 continuis
870 2675 981 2735 studiis
1010 2675 1144 2748 exculta,
1176 2697 1241 2734 non

234 2773 333 2831 solum
351 2773 414 2831 suis
434 2773 564 2844 civibus,
584 2772 637 2831 sed
657 2773 800 2831 omnibus
817 2772 941 2851 populis
961 2793 1082 2851 semper
1099 2781 1242 2832 recentes

233 2868 330 2927 edunt
344 2869 478 2940 fructus;
494 2877 525 2927 et
537 2870 591 2949 qui
602 2870 682 2940 hinc,
698 2890 714 2928 a
730 2869 841 2927 teneris
856 2868 1011 2944 aetatibus,
1027 2868 1241 2929 doctrinarum

233 2963 422 3024 abundantia
448 2965 608 3035 satiantur,
630 2967 765 3045 optimos
791 2966 907 3025 habent
927 2965 1087 3044 sapientiae
1116 2986 1240 3038 sensuS,

233 3062 464 3142 instituuntque
490 3062 668 3120 civitatibus
691 3062 892 3122 humanitatis
913 3082 1025 3134 mores,
1049 3083 1138 3141 aequa
1154 3063 1240 3142 jura,

233 3157 324 3236 leges,
343 3159 454 3238 quibus
472 3159 650 3218 absentibus
666 3159 750 3218 nulla
770 3166 873 3239 potest
890 3179 954 3216 esse
968 3179 1042 3235 gens
1059 3155 1240 3219 incolumis.

234 3255 310 3314 Cum
337 3257 432 3334 igitur
454 3264 539 3314 tanta
560 3276 686 3314 munera
711 3256 749 3314 ab
771 3275 875 3313 eorum
900 3253 1065 3335 prudentia
1091 3256 1241 3335 privatim

234 3352 417 3431 publiceque
437 3353 553 3411 luerint
573 3351 750 3410 hominibus
775 3352 926 3410 universis
960 3360 1144 3432 praeparata,
1176 3374 1243 3413 non

233 3449 331 3508 solum
349 3449 482 3509 arbitror
499 3449 616 3530 palmas
636 3459 667 3507 et
687 3469 817 3508 coronas
837 3449 874 3506 iis
896 3448 991 3507 tribui
1008 3432 1163 3528 oportere,
1186 3451 1243 3510 sed

233 3546 325 3604 etiam
340 3545 464 3604 decerni
480 3546 568 3626 quasi
587 3554 711 3604 aeleruae
730 3546 936 3604 venerationis
951 3567 968 3604 a
983 3545 1106 3626 populis
1127 3547 1242 3606 trium-

233 3643 340 3722 phum,
354 3642 408 3722 qui
423 3643 461 3704 ab
476 3642 524 3702 bis
539 3650 622 3702 tanta
637 3643 785 3702 beneficia
802 3663 947 3722 accepere
968 3643 1006 3702 ad
1027 3643 1123 3702 vitam
1138 3644 1242 3724 expli-

232 3740 373 3799 eandam.

660 3917 814 3972 -2842
