2678 4250
284 201 477 242 annox-Anas,
500 215 536 225 ——
558 185 708 243 uiuamus.
730 219 769 228 -
788 203 930 245 nvocxrs
953 219 992 228 —
1012 205 1208 244 morasse-uns

247 310 343 370 Nobis
360 333 451 378 verus
466 333 552 372 amor
568 313 731 396 medioque
754 315 902 377 Helicone
917 315 1032 396 petitus

247 406 354 466 Sermo
369 407 541 490 hilaresque
551 409 617 491 joci
640 411 810 472 brumalem
827 413 989 472 absumere
1006 419 1129 472 noctem

247 503 426 579 Suaserunt,
442 505 627 586 mollemque
640 507 738 567 oculis
755 508 907 588 expellere
922 529 1075 568 somnum.

247 599 333 660 Mille
352 601 394 660 ibi
409 609 485 662 tune
501 603 618 684 species
636 605 767 686 aerisque
780 605 944 686 eborisque
958 605 1087 680 vetusti,

247 700 350 778 Atque
364 698 520 760 locuturas
538 701 669 761 mentito
684 722 813 783 corpore
829 723 918 762 ceras
1066 699 1069 706 ’

212 802 215 809 ’
248 794 378 856 Edidici.
396 795 471 863 Quis
491 818 625 878 namque
639 797 736 858 oculis
752 799 921 858 certaverit
939 819 1069 879 usquam

246 890 387 951 Vindicis
399 893 551 953 artificum
564 902 684 955 veteres
695 915 881 974 cognoscere
896 895 1019 970 ductus,

248 987 289 1048 Et
299 1008 362 1047 non
378 989 535 1070 inscriptis
547 997 705 1052 auctorem
720 991 847 1052 reddere
862 992 957 1071 signis
975 993 990 1052 ‘l

249 1085 309 1144 Hic
323 1085 379 1143 tibi
395 1107 463 1166 quae
478 1087 570 1146 docto
585 1086 717 1148 multum
731 1087 859 1168 vigilata
874 1087 999 1168 Myroni

248 1181 333 1255 AEra,
350 1181 505 1244 laboriferi
518 1183 627 1243 vivant
640 1205 708 1264 quae
724 1205 877 1244 marmora
891 1185 967 1244 caelo

250 1278 423 1354 Praxitelis,
437 1279 520 1367 quod
537 1281 614 1339 ebu'r
632 1281 730 1342 Pisaeo
745 1280 857 1361 pollice
873 1301 989 1355 rasum,

148 1372 150 1376 ’
250 1375 344 1436 Linea
357 1397 427 1457 quae
442 1384 577 1436 veterem
592 1377 683 1458 longe
697 1378 832 1438 fateatur
846 1378 998 1459 Apellem,

249 1471 448 1533 Monstrabit.

461 1637 547 1696 299.
569 1640 619 1696 Le
639 1637 784 1708 peintre
798 1638 1038 1698 Parrhasius.

560 1733 619 1816 (De
632 1733 804 1795 Parrhasio
817 1734 961 1815 pictore.)

186 1886 226 1949 3⁰
293 1892 471 1952 Parrhasius
485 1893 598 1973 Ephesi
614 1901 715 1966 natus,
729 1893 860 1953 multum
875 1893 934 1953 arti
949 1913 1012 1952 suae
1027 1891 1254 1972 promovendae
1325 1925 1326 1930 κ

252 1989 396 2053 contulit.
413 1990 534 2049 Primus
549 1990 631 2049 enim
647 1991 857 2071 symmetriam
872 1989 1003 2070 picturae
1018 1988 1116 2061 dedit,
1134 1988 1259 2069 primus
1325 1977 1326 1980 ¹

204 2086 206 2094 ’
244 2082 387 2164 ⁴argutias
401 2085 517 2159 vultuS,
534 2087 718 2166 elegantiam
734 2087 849 2166 capilli,
868 2093 1064 2146 venustatem
1078 2084 1141 2145 oris
1156 2102 1165 2146 t
1182 2105 1260 2144 con·

252 2181 384 2241 fessione
408 2182 545 2262 ipsorum
569 2184 733 2256 artificum,
762 2184 794 2241 in
827 2182 917 2242 lineis
945 2182 1092 2241 extremis
1119 2181 1259 2262 palmam

165 2302 167 2304 ’
253 2278 394 2357 adeptus.
412 2279 488 2338 Haec
502 2286 549 2339 est
565 2279 598 2338 in
619 2280 673 2339 tali
693 2280 823 2340 artificio
845 2300 965 2338 summa
989 2277 1157 2338 subtilitas.
1180 2277 1261 2338 Cor-

253 2395 328 2455 pora
343 2375 424 2433 enim
439 2375 568 2455 pingere
579 2382 610 2435 et
624 2375 724 2435 media
739 2396 842 2435 rerum
857 2381 904 2435 est
919 2375 1043 2456 quidem
1061 2373 1167 2452 magni
1181 2393 1262 2453 ope-

253 2470 306 2542 ris,
324 2470 377 2530 sed
392 2471 424 2531 in
439 2492 501 2552 quo
515 2471 605 2531 multi
621 2471 751 2551 gloriam
767 2472 905 2532 tulerint.
923 2471 1067 2531 Extrema
1089 2491 1262 2550 corporum

254 2568 353 2628 facere
378 2575 408 2628 et
432 2568 599 2628 desinentis
618 2570 748 2650 picturae
770 2568 895 2628 modum
913 2568 1081 2642 includere,
1094 2587 1201 2626 rarum
1227 2568 1262 2625 in

255 2685 397 2726 successu
412 2665 485 2725 artis
499 2665 666 2727 invenitur.
685 2665 790 2724 Pinxit
804 2665 855 2724 ille
870 2664 1020 2745 populum
1031 2663 1263 2723 Atheniensem

254 2770 435 2840 argumento
456 2783 578 2843 quoque
601 2763 781 2841 ingenioso:
810 2760 941 2821 debebat
964 2780 1097 2841 namque
1120 2761 1262 2834 varium,

254 2859 448 2933 iracundum,
465 2859 626 2941 injustum,
644 2860 879 2930 inconstantem,
896 2858 1037 2917 eumdem
1053 2845 1263 2930 exorabilem,

255 2957 449 3030 clementem,
475 2956 639 3027 excelsum,
662 2955 821 3027 humilem,
843 2955 977 3014 ferocem
996 2954 1201 3032 fugacemque
1228 2961 1266 3012 et

195 3090 196 3093 =
255 3053 359 3112 omnia
375 3053 491 3132 pariter
507 3051 678 3112 ostendere.
702 3051 787 3110 Idem
808 3051 909 3130 pinxit
928 3049 1045 3110 Thesea
1074 3048 1127 3130 qui
1147 3049 1266 3109 Romee

256 3151 289 3208 in
310 3149 462 3230 Capitolio
482 3148 550 3207 fuit.
574 3149 654 3207 Sunt
674 3155 705 3208 et
722 3150 791 3208 duae
809 3147 921 3206 tabulae
942 3146 1009 3226 ejus
1031 3145 1265 3208 nobilissimae:

255 3267 364 3306 cursor
376 3246 453 3305 alter
465 3251 611 3318 armatus,
626 3245 658 3303 in
671 3245 837 3304 certamine
850 3245 893 3303 ita
906 3245 1082 3314 decurrens,
1100 3248 1135 3301 ut
1148 3243 1269 3303 sudare

257 3343 417 3416 videntur}
445 3341 522 3401 alter
551 3362 635 3401 arma
660 3341 829 3420 deponens
859 3346 895 3399 ut
920 3339 1064 3399 anhelare
1092 3339 1267 3400 sentiatur.

258 3438 423 3498 Herculem
439 3437 610 3506 dictitabat,
627 3437 680 3518 qui
695 3443 742 3496 est
757 3437 857 3510 Lindi,
873 3436 965 3497 talem
982 3457 1038 3495 ase
1049 3435 1169 3515 pictum
1186 3457 1271 3516 qua·
1317 3499 1320 3504 ,

257 3535 317 3595 lem
335 3556 416 3614 saepe
429 3535 460 3592 in
478 3535 580 3614 quiete
595 3535 734 3594 vidisset.
751 3534 872 3612 Magnis
998 3531 1152 3610 suffragiis
1169 3553 1273 3612 supe-

258 3639 343 3690 ratus
369 3652 385 3690 a
411 3632 681 3705 Timanthe.Sami,
706 3631 738 3689 in
761 3627 857 3711 Aja'ce
881 3649 1098 3708 armorumque
1122 3628 1268 3709 judicio,

183 3777 186 3805 ·.
258 3727 360 3786 herois
382 3727 505 3786 nomine
523 3749 553 3786 se
569 3729 695 3787 moleste
712 3728 791 3787 ferre
805 3727 967 3807 inquiebat
982 3724 1066 3805 quod
1087 3725 1204 3785 iterum
1221 3729 1272 3788 ab

258 3825 387 3902 indigno
407 3823 504 3901 victus
520 3832 609 3884 esset.

262 3934 268 3938 “
681 3949 713 3962 —-
733 3923 784 3974 210
802 3952 837 3962 -
