2678 4250
264 134 347 193 297.
363 137 416 192 La
431 134 571 204 galerie
588 134 669 191 d'un
681 132 783 206 riche
798 134 978 191 amateur.

457 221 516 302 (De
534 221 610 282 Heii
622 220 784 303 sacrario.)

164 343 239 404 Erat
263 345 344 425 apud
368 345 479 404 Heium
505 346 671 404 sacrarium
695 367 805 424 magna
828 365 898 404 cum
916 345 1066 422 dignitate
1089 342 1121 402 in
1147 343 1187 407 3·

127 439 254 515 aedibus,
269 462 286 501 a
300 442 469 522 majoribus
483 442 643 514 traditum,
661 443 897 523 perantiquum:
912 433 944 500 in
959 463 1021 522 quo
1034 441 1122 520 signa

125 539 329 618 pulcherrima
345 547 489 619 quatuor,
515 560 633 598 summo
649 539 791 611 artificio,
815 531 933 598 summa
948 538 1119 612 nobilitate,
1188 584 1190 589 .

125 647 191 706 quae
206 647 269 686 non
283 627 377 686 modo
398 627 490 684 istum
511 626 665 694 hominem
681 627 873 704 ingeniosum
889 633 981 706 atque
1002 624 1121 684 intelle-

125 731 256 801 gentem,
273 744 379 783 verum
396 722 488 782 etiam
504 724 643 802 quemvis
661 731 811 796 nostrum,
835 743 913 804 quos
933 723 990 782 iste
1009 721 1121 782 idiotas

124 820 266 900 appellat,
284 820 435 880 delectare
450 828 593 897 possent:
607 841 701 880 unum
717 820 889 900 Cupidinis,
902 839 1119 892 marmoreum,

126 916 295 978 Praxitelis.
316 918 468 977 Nimirum
492 917 584 976 didici
600 918 703 989 etiam,
728 917 800 975 dum
816 918 848 975 in
870 917 963 978 istum
984 916 1119 996 inquiro,

126 1014 277 1073 artificum
304 1016 450 1078 nomina:
476 1017 569 1087 idem,
596 1015 716 1095 opinor,
735 1014 844 1074 artifex
872 1013 1010 1094 ejusdem
1036 1011 1120 1071 modi

123 1105 307 1185 Cupidinem
320 1108 394 1168 lecit
405 1109 489 1168 illum
502 1110 553 1191 qui
566 1115 612 1167 est
623 1107 773 1185 Thespiis,
785 1114 912 1186 propter
924 1127 1014 1186 quem
1027 1104 1122 1164 Thes·

124 1197 183 1278 piae
197 1199 363 1262 visuntur:
381 1221 450 1260 nam
465 1203 523 1262 alia
538 1200 657 1259 visendi
673 1220 763 1258 causa
779 1198 861 1258 nulla
877 1205 933 1258 est.
950 1199 1056 1278 ltaque
1070 1197 1120 1256 ille

126 1295 164 1356 L.¹
186 1295 366 1371 Mummius,
390 1319 459 1358 cum
474 1297 673 1377 Thespiadas,
697 1317 765 1376 quae
786 1296 823 1356 ad
839 1294 933 1354 aedem
953 1295 1120 1354 Felicitatis

123 1397 206 1466 sunt,
225 1399 388 1473 ceteraque
402 1395 531 1475 prolana
547 1415 583 1453 ex
598 1394 650 1452 illo
663 1393 778 1472 oppido
791 1393 877 1471 signa
893 1391 1024 1465 tolleret,
1038 1390 1121 1450 hunc

128 1508 335 1548 marmoreum
352 1492 550 1572 Cupidinem,
566 1491 649 1571 quod
668 1497 733 1549 erat
747 1496 953 1561 consecratus,
972 1509 1033 1547 non
1048 1488 1121 1547 atti-

119 1585 177 1662 git.
204 1585 332 1659 Verum,
356 1595 391 1647 ut
412 1589 451 1649 ad
472 1589 549 1648 illud
566 1587 732 1648 sacrarium
756 1587 889 1660 redeam,
913 1587 1034 1664 signum
1056 1591 1122 1644 erat

120 1681 190 1755 hoc,
216 1683 300 1763 quod
326 1683 406 1758 dice,
435 1685 598 1766 Cupidinis
622 1706 638 1743 e
662 1701 833 1755 marmore;
861 1704 898 1742 ex
918 1683 1013 1742 altera
1035 1688 1121 1762 parte

124 1778 286 1853 Hercules,
303 1783 423 1860 egregie
445 1782 545 1841 sactus
562 1804 599 1841 ex
614 1802 684 1840 aerc.
705 1782 734 1839 Is
756 1781 916 1840 dicebatur
931 1799 996 1839 esse
1017 1779 1121 1859 Myro-

119 1875 180 1948 niS,
198 1877 372 1957 utopinor:
387 1886 420 1938 *et
432 1885 525 1940 certe.
543 1879 621 1938 Item
637 1884 707 1937 ante
720 1877 812 1936 hosce
827 1877 901 1935 deos
916 1883 1003 1936 erant
1014 1875 1119 1949 arulae,

122 1991 194 2052 quae
216 1973 315 2034 cuivis
337 1975 460 2035 sacrarii
477 1975 657 2053 religionem
677 1975 848 2052 significare
868 1980 1003 2054 possent.
1025 1973 1121 2033 Erant

122 2097 210 2137 aenea
234 2087 383 2159 praeterea
407 2081 469 2141 duo
493 2082 591 2160 signa,
622 2102 683 2140 non
704 2080 847 2155 maxima,
873 2099 980 2139 verum
1010 2079 1120 2138 eximia

117 2183 293 2250 venustate,
317 2178 459 2255 virginali
490 2178 598 2238 habitu
622 2186 715 2259 atque
739 2181 864 2248 vestitu,
889 2197 958 2257 quae
979 2176 1122 2236 manibus

116 2271 250 2332 sublatis
277 2295 362 2334 sacra
394 2277 544 2354 quaedam,
573 2296 659 2334 more
689 2273 926 2334 Atheniensium
951 2273 1120 2351 virginum,

116 2369 255 2448 reposita
270 2370 302 2429 in
323 2371 477 2452 capitibus
500 2372 704 2434 sustinebant,

173 2536 257 2595 298.
273 2540 331 2596 Un
345 2539 449 2597 riche
463 2541 629 2612 Romam,
651 2540 726 2598 ami
750 2542 815 2598 des
834 2540 1067 2597 beaux-arts.

166 2631 225 2714 (De
236 2632 332 2695 divite
349 2634 487 2718 quodam
501 2637 652 2712 Romano,
668 2637 726 2718 qui
742 2637 951 2719 ingenuarum
965 2634 1083 2698 artium

487 2731 644 2794 studiosus
665 2733 754 2815 suit.)

114 2845 214 2904 Forte
229 2846 435 2907 remittentem
448 2869 547 2934 curas,
565 2847 745 2928 Phoeboque
758 2849 894 2908 levatum

115 2938 260 3010 Pectora,
275 2959 345 2998 cum
361 2940 476 3020 patulis
494 2948 624 3000 tererem
639 2961 736 3018 vagus
750 2941 814 3002 otia
829 2943 940 3023 Septis,

114 3034 189 3094 Jam
205 3036 354 3096 moriente
369 3037 428 3111 die,
450 3039 555 3118 rapuit
569 3059 618 3097 me
636 3058 710 3098 cena
727 3037 854 3117 benigni

120 3131 286 3194 Vindicis:
304 3133 370 3194 haec
387 3135 465 3194 imos
480 3135 574 3196 animi
591 3135 732 3216 perlapsa
747 3156 884 3196 recessus

119 3230 346 3310 inconsumpta
363 3240 488 3306 manet3
507 3253 606 3314 neque
626 3233 709 3294 enim
723 3233 855 3293 ludibria
869 3233 986 3294 ventris

118 3327 305 3402 HausimuS,
323 3335 376 3387 aut
392 3329 498 3408 epulas
513 3331 635 3390 diverso
650 3352 666 3390 e
681 3330 745 3390 sole
758 3331 884 3412 petitas,

117 3425 269 3502 Vinaque
287 3425 444 3504 perpetuis
460 3446 528 3484 aevo
542 3429 691 3487 certantia
705 3428 804 3491 fastis.

119 3520 173 3580 Ah
192 3523 197 3580 l
215 3521 331 3594 miseri,
349 3539 430 3601 quos
444 3543 534 3582 nosse
552 3524 643 3605 juvat
658 3523 732 3604 quid
748 3523 886 3583 Phasidis
902 3524 963 3584 ales

115 3619 228 3678 Distet
243 3617 281 3677 ab
296 3617 425 3678 hiberna
444 3619 612 3700 Rhodopes
627 3641 713 3699 grue,
734 3620 803 3701 quis
817 3619 916 3698 magis
936 3642 1024 3680 anser

21 3705 22 3712 ἵ
116 3715 202 3776 Exta
217 3715 306 3787 serat,
328 3737 384 3775 cur
400 3717 518 3777 Tuscus
535 3738 608 3798 aper
624 3719 800 3797 generosior
816 3717 943 3778 Umbr0.

203 3822 246 3863 Vte
255 3822 333 3874 prinae
347 3823 386 3864 des
400 3822 517 3866 Romaim.
597 3879 648 3932 209
1046 3822 1071 3863 lt
