<?xml version="1.0" encoding="UTF-8"?>
<!DOCTYPE html PUBLIC "-//W3C//DTD XHTML 1.0 Transitional//EN"
    "http://www.w3.org/TR/xhtml1/DTD/xhtml1-transitional.dtd">
<html xmlns="http://www.w3.org/1999/xhtml" xml:lang="en" lang="en">
 <head>
  <title>
</title>
<meta http-equiv="Content-Type" content="text/html;charset=utf-8" />
  <meta name='ocr-system' content='tesseract 3.04.00' />
  <meta name='ocr-capabilities' content='ocr_page ocr_carea ocr_par ocr_line ocrx_word'/>
</head>
<body>
  <div class='ocr_page' id='page_1' title='image "./depublicaprivat00arnagoog_0346.png"; bbox 0 0 2682 4258; ppageno 0'>
   <div class='ocr_carea' id='block_1_1' title="bbox 123 1 379 40">
    <p class='ocr_par' dir='ltr' id='par_1_1' title="bbox 123 1 379 40">
     <span class='ocr_line' id='line_1_1' title="bbox 123 1 379 40; baseline -0.008 0"><span class='ocrx_word' id='word_1_1' title='bbox 123 7 224 40; x_wconf 73' lang='lat' dir='ltr'><strong>.r&#39;¹¹&#39;</strong></span> <span class='ocrx_word' id='word_1_2' title='bbox 264 1 379 4; x_wconf 21' lang='lat' dir='ltr'><strong>‘U‘</strong></span> 
     </span>
    </p>
   </div>
   <div class='ocr_carea' id='block_1_2' title="bbox 178 206 1035 247">
    <p class='ocr_par' dir='ltr' id='par_1_2' title="bbox 178 206 1035 247">
     <span class='ocr_line' id='line_1_2' title="bbox 178 206 1035 247; baseline -0.001 -1"><span class='ocrx_word' id='word_1_3' title='bbox 178 209 311 247; x_wconf 77' lang='lat' dir='ltr'><strong>LETTRBS.</strong></span> <span class='ocrx_word' id='word_1_4' title='bbox 333 221 372 232; x_wconf 91' lang='lat'><strong>-··</strong></span> <span class='ocrx_word' id='word_1_5' title='bbox 394 207 537 246; x_wconf 69' lang='lat' dir='ltr'><strong>seleucus,</strong></span> <span class='ocrx_word' id='word_1_6' title='bbox 556 221 600 236; x_wconf 88' lang='lat'><strong>--</strong></span> <span class='ocrx_word' id='word_1_7' title='bbox 622 207 759 246; x_wconf 76' lang='lat' dir='ltr'><strong>SAVANTS.</strong></span> <span class='ocrx_word' id='word_1_8' title='bbox 782 219 821 231; x_wconf 92' lang='lat'>-</span> <span class='ocrx_word' id='word_1_9' title='bbox 843 206 1035 246; x_wconf 72' lang='lat' dir='ltr'><strong>effluosoefles</strong></span> 
     </span>
    </p>
   </div>
   <div class='ocr_carea' id='block_1_3' title="bbox 239 527 970 605">
    <p class='ocr_par' dir='ltr' id='par_1_3' title="bbox 239 527 970 605">
     <span class='ocr_line' id='line_1_3' title="bbox 239 527 970 605; baseline -0.001 -17"><span class='ocrx_word' id='word_1_10' title='bbox 239 529 323 588; x_wconf 82' lang='grc'><strong>396.</strong></span> <span class='ocrx_word' id='word_1_11' title='bbox 343 531 414 605; x_wconf 65' lang='lat' dir='ltr'><strong>Les</strong></span> <span class='ocrx_word' id='word_1_12' title='bbox 434 530 576 603; x_wconf 76' lang='lat' dir='ltr'><strong>grands</strong></span> <span class='ocrx_word' id='word_1_13' title='bbox 596 528 730 586; x_wconf 80' lang='lat' dir='ltr'><strong>sieeles</strong></span> <span class='ocrx_word' id='word_1_14' title='bbox 749 527 970 587; x_wconf 80' lang='lat' dir='ltr'><strong>litteratres.</strong></span> 
     </span>
    </p>
   </div>
   <div class='ocr_carea' id='block_1_4' title="bbox 230 687 977 778">
    <p class='ocr_par' dir='ltr' id='par_1_4' title="bbox 230 687 977 778">
     <span class='ocr_line' id='line_1_4' title="bbox 230 687 977 778; baseline 0 -22"><span class='ocrx_word' id='word_1_15' title='bbox 230 695 289 778; x_wconf 88' lang='lat' dir='ltr'><strong>(De</strong></span> <span class='ocrx_word' id='word_1_16' title='bbox 304 695 471 778; x_wconf 82' lang='lat' dir='ltr'><strong>praeclaris</strong></span> <span class='ocrx_word' id='word_1_17' title='bbox 492 694 596 755; x_wconf 79' lang='lat' dir='ltr'><strong>studio</strong></span> <span class='ocrx_word' id='word_1_18' title='bbox 620 694 798 757; x_wconf 84' lang='lat' dir='ltr'><strong>litterarum</strong></span> <span class='ocrx_word' id='word_1_19' title='bbox 818 687 977 778; x_wconf 68' lang='lat' dir='ltr'><strong>saeculis)</strong></span> 
     </span>
    </p>
   </div>
   <div class='ocr_carea' id='block_1_5' title="bbox 101 933 1202 3822">
    <p class='ocr_par' dir='ltr' id='par_1_5' title="bbox 101 933 1202 3822">
     <span class='ocr_line' id='line_1_5' title="bbox 145 933 1172 1018; baseline -0.001 -24"><span class='ocrx_word' id='word_1_20' title='bbox 145 934 220 1002; x_wconf 87' lang='lat' dir='ltr'><strong>Quis</strong></span> <span class='ocrx_word' id='word_1_21' title='bbox 234 934 356 994; x_wconf 84' lang='lat' dir='ltr'>abunde</span> <span class='ocrx_word' id='word_1_22' title='bbox 371 934 474 993; x_wconf 87' lang='lat' dir='ltr'><strong>mirari</strong></span> <span class='ocrx_word' id='word_1_23' title='bbox 491 941 594 1018; x_wconf 88' lang='lat' dir='ltr'><strong>potest</strong></span> <span class='ocrx_word' id='word_1_24' title='bbox 609 933 852 994; x_wconf 87' lang='lat' dir='ltr'><strong>eminentissima</strong></span> <span class='ocrx_word' id='word_1_25' title='bbox 866 935 1016 1016; x_wconf 83' lang='lat' dir='ltr'><strong>cujusque</strong></span> <span class='ocrx_word' id='word_1_26' title='bbox 1034 955 1103 1013; x_wconf 88' lang='lat' dir='ltr'><strong>pro·</strong></span> <span class='ocrx_word' id='word_1_27' title='bbox 1115 943 1172 1000; x_wconf 74' lang='lat' dir='ltr'><strong>nh,</strong></span> 
     </span>
     <span class='ocr_line' id='line_1_6' title="bbox 106 1031 1104 1110; baseline -0.001 -20"><span class='ocrx_word' id='word_1_28' title='bbox 106 1032 251 1091; x_wconf 84' lang='lat' dir='ltr'><strong>fessionis</strong></span> <span class='ocrx_word' id='word_1_29' title='bbox 274 1032 397 1110; x_wconf 85' lang='lat' dir='ltr'><strong>ingenia</strong></span> <span class='ocrx_word' id='word_1_30' title='bbox 423 1031 455 1088; x_wconf 93' lang='lat' dir='ltr'><strong>in</strong></span> <span class='ocrx_word' id='word_1_31' title='bbox 482 1031 620 1089; x_wconf 89' lang='lat' dir='ltr'><strong>eamdem</strong></span> <span class='ocrx_word' id='word_1_32' title='bbox 644 1032 774 1091; x_wconf 90' lang='lat' dir='ltr'><strong>formam</strong></span> <span class='ocrx_word' id='word_1_33' title='bbox 801 1031 886 1091; x_wconf 89' lang='lat' dir='ltr'><strong>etin</strong></span> <span class='ocrx_word' id='word_1_34' title='bbox 910 1031 990 1090; x_wconf 90' lang='lat' dir='ltr'><strong>idem</strong></span> <span class='ocrx_word' id='word_1_35' title='bbox 1013 1032 1104 1090; x_wconf 89' lang='lat' dir='ltr'><strong>artati</strong></span> 
     </span>
     <span class='ocr_line' id='line_1_7' title="bbox 106 1127 1107 1208; baseline -0.002 -20"><span class='ocrx_word' id='word_1_36' title='bbox 106 1129 255 1208; x_wconf 88' lang='lat' dir='ltr'><strong>temporis</strong></span> <span class='ocrx_word' id='word_1_37' title='bbox 269 1149 438 1206; x_wconf 82' lang='lat' dir='ltr'><strong>congruere</strong></span> <span class='ocrx_word' id='word_1_38' title='bbox 453 1127 615 1207; x_wconf 77' lang='lat' dir='ltr'><strong>spatium?</strong></span> <span class='ocrx_word' id='word_1_39' title='bbox 637 1128 776 1208; x_wconf 89' lang='lat' dir='ltr'><strong>Namque</strong></span> <span class='ocrx_word' id='word_1_40' title='bbox 798 1149 858 1187; x_wconf 91' lang='lat' dir='ltr'><strong>una</strong></span> <span class='ocrx_word' id='word_1_41' title='bbox 879 1148 978 1208; x_wconf 90' lang='lat' dir='ltr'><strong>neque</strong></span> <span class='ocrx_word' id='word_1_42' title='bbox 993 1127 1107 1186; x_wconf 90' lang='lat' dir='ltr'><strong>multo-</strong></span> 
     </span>
     <span class='ocr_line' id='line_1_8' title="bbox 105 1224 1105 1304; baseline -0.002 -20"><span class='ocrx_word' id='word_1_43' title='bbox 105 1247 175 1284; x_wconf 89' lang='lat' dir='ltr'><strong>rum</strong></span> <span class='ocrx_word' id='word_1_44' title='bbox 189 1245 341 1284; x_wconf 91' lang='lat' dir='ltr'><strong>annorum</strong></span> <span class='ocrx_word' id='word_1_45' title='bbox 356 1225 456 1304; x_wconf 88' lang='lat' dir='ltr'><strong>spatio</strong></span> <span class='ocrx_word' id='word_1_46' title='bbox 471 1224 570 1282; x_wconf 87' lang='lat' dir='ltr'><strong>divisa</strong></span> <span class='ocrx_word' id='word_1_47' title='bbox 589 1232 673 1282; x_wconf 87' lang='lat' dir='ltr'><strong>aetas</strong></span> <span class='ocrx_word' id='word_1_48' title='bbox 689 1245 743 1304; x_wconf 90' lang='lat' dir='ltr'><strong>per</strong></span> <span class='ocrx_word' id='word_1_49' title='bbox 760 1224 857 1283; x_wconf 90' lang='lat' dir='ltr'><strong>divini</strong></span> <span class='ocrx_word' id='word_1_50' title='bbox 871 1225 998 1304; x_wconf 92' lang='lat' dir='ltr'><strong>spiritus</strong></span> <span class='ocrx_word' id='word_1_51' title='bbox 1011 1225 1105 1295; x_wconf 84' lang='lat' dir='ltr'><strong>viros,</strong></span> 
     </span>
     <span class='ocr_line' id='line_1_9' title="bbox 105 1320 1105 1402; baseline -0.004 -20"><span class='ocrx_word' id='word_1_52' title='bbox 105 1321 284 1402; x_wconf 90' lang='lat' dir='ltr'><strong>AEchylum,</strong></span> <span class='ocrx_word' id='word_1_53' title='bbox 301 1321 497 1400; x_wconf 82' lang='lat' dir='ltr'>Sophoclem,</span> <span class='ocrx_word' id='word_1_54' title='bbox 511 1321 699 1400; x_wconf 81' lang='lat' dir='ltr'>Euripidem,</span> <span class='ocrx_word' id='word_1_55' title='bbox 716 1320 884 1380; x_wconf 89' lang='lat' dir='ltr'><strong>illustravit</strong></span> <span class='ocrx_word' id='word_1_56' title='bbox 898 1321 1086 1400; x_wconf 82' lang='lat' dir='ltr'><strong>tragoediam</strong></span> <span class='ocrx_word' id='word_1_57' title='bbox 1098 1340 1105 1389; x_wconf 89' lang='lat'>;</span> 
     </span>
     <span class='ocr_line' id='line_1_10' title="bbox 106 1417 1109 1498; baseline -0.002 -21"><span class='ocrx_word' id='word_1_58' title='bbox 106 1440 167 1478; x_wconf 91' lang='lat' dir='ltr'><strong>una</strong></span> <span class='ocrx_word' id='word_1_59' title='bbox 182 1419 313 1498; x_wconf 82' lang='lat' dir='ltr'><strong>priscam</strong></span> <span class='ocrx_word' id='word_1_60' title='bbox 331 1417 414 1476; x_wconf 87' lang='lat' dir='ltr'><strong>illam</strong></span> <span class='ocrx_word' id='word_1_61' title='bbox 429 1426 460 1476; x_wconf 90' lang='lat' dir='ltr'><strong>et</strong></span> <span class='ocrx_word' id='word_1_62' title='bbox 474 1425 609 1476; x_wconf 88' lang='lat' dir='ltr'><strong>veterem</strong></span> <span class='ocrx_word' id='word_1_63' title='bbox 627 1418 684 1475; x_wconf 89' lang='lat' dir='ltr'><strong>sub</strong></span> <span class='ocrx_word' id='word_1_64' title='bbox 699 1417 837 1490; x_wconf 83' lang='lat' dir='ltr'><strong>Cratino,</strong></span> <span class='ocrx_word' id='word_1_65' title='bbox 855 1418 1062 1498; x_wconf 80' lang='lat' dir='ltr'><strong>Aristophane</strong></span> <span class='ocrx_word' id='word_1_66' title='bbox 1078 1425 1109 1476; x_wconf 92' lang='lat' dir='ltr'><strong>et</strong></span> 
     </span>
     <span class='ocr_line' id='line_1_11' title="bbox 101 1514 1108 1596; baseline -0.003 -21"><span class='ocrx_word' id='word_1_67' title='bbox 101 1516 259 1596; x_wconf 80' lang='lat' dir='ltr'><strong>¹Eupolide</strong></span> <span class='ocrx_word' id='word_1_68' title='bbox 293 1514 492 1587; x_wconf 81' lang='lat' dir='ltr'><strong>comoediam3</strong></span> <span class='ocrx_word' id='word_1_69' title='bbox 534 1514 791 1593; x_wconf 90' lang='lat' dir='ltr'><strong>philosophorum</strong></span> <span class='ocrx_word' id='word_1_70' title='bbox 825 1535 948 1595; x_wconf 91' lang='lat' dir='ltr'><strong>quoque</strong></span> <span class='ocrx_word' id='word_1_71' title='bbox 986 1515 1108 1593; x_wconf 82' lang='lat' dir='ltr'><strong>ingenia</strong></span> 
     </span>
     <span class='ocr_line' id='line_1_12' title="bbox 105 1611 1109 1691; baseline -0.004 -19"><span class='ocrx_word' id='word_1_72' title='bbox 105 1613 265 1672; x_wconf 85' lang='lat' dir='ltr'><strong>Socratico</strong></span> <span class='ocrx_word' id='word_1_73' title='bbox 279 1632 331 1670; x_wconf 91' lang='lat' dir='ltr'><strong>ore</strong></span> <span class='ocrx_word' id='word_1_74' title='bbox 344 1611 510 1670; x_wconf 76' lang='lat' dir='ltr'><strong>defluentia</strong></span> <span class='ocrx_word' id='word_1_75' title='bbox 525 1611 663 1670; x_wconf 90' lang='lat' dir='ltr'><strong>omnium</strong></span> <span class='ocrx_word' id='word_1_76' title='bbox 679 1611 771 1690; x_wconf 89' lang='lat' dir='ltr'><strong>paulo</strong></span> <span class='ocrx_word' id='word_1_77' title='bbox 786 1619 858 1691; x_wconf 88' lang='lat' dir='ltr'><strong>post</strong></span> <span class='ocrx_word' id='word_1_78' title='bbox 873 1611 1009 1670; x_wconf 79' lang='lat' dir='ltr'><strong>Platonis</strong></span> <span class='ocrx_word' id='word_1_79' title='bbox 1025 1611 1109 1669; x_wconf 84' lang='lat' dir='ltr'><strong>Aris-</strong></span> 
     </span>
     <span class='ocr_line' id='line_1_13' title="bbox 103 1707 1107 1789; baseline -0.003 -21"><span class='ocrx_word' id='word_1_80' title='bbox 103 1710 273 1789; x_wconf 88' lang='lat' dir='ltr'><strong>totelisque</strong></span> <span class='ocrx_word' id='word_1_81' title='bbox 287 1715 417 1767; x_wconf 89' lang='lat' dir='ltr'><strong>mortem</strong></span> <span class='ocrx_word' id='word_1_82' title='bbox 430 1708 570 1767; x_wconf 85' lang='lat' dir='ltr'><strong>floruere.</strong></span> <span class='ocrx_word' id='word_1_83' title='bbox 592 1709 698 1787; x_wconf 88' lang='lat' dir='ltr'><strong>Neque</strong></span> <span class='ocrx_word' id='word_1_84' title='bbox 713 1707 819 1766; x_wconf 91' lang='lat' dir='ltr'><strong>hocin</strong></span> <span class='ocrx_word' id='word_1_85' title='bbox 835 1707 952 1768; x_wconf 85' lang='lat' dir='ltr'><strong>Graecis</strong></span> <span class='ocrx_word' id='word_1_86' title='bbox 969 1729 1061 1789; x_wconf 89' lang='lat' dir='ltr'><strong>quarn</strong></span> <span class='ocrx_word' id='word_1_87' title='bbox 1077 1708 1107 1765; x_wconf 94' lang='lat' dir='ltr'><strong>in</strong></span> 
     </span>
     <span class='ocr_line' id='line_1_14' title="bbox 106 1804 1106 1883; baseline -0.004 -17"><span class='ocrx_word' id='word_1_88' title='bbox 106 1806 256 1866; x_wconf 85' lang='lat' dir='ltr'><strong>Romanis</strong></span> <span class='ocrx_word' id='word_1_89' title='bbox 274 1805 377 1864; x_wconf 89' lang='lat' dir='ltr'><strong>evenit</strong></span> <span class='ocrx_word' id='word_1_90' title='bbox 389 1806 495 1883; x_wconf 81' lang='lat' dir='ltr'><strong>magis.</strong></span> <span class='ocrx_word' id='word_1_91' title='bbox 516 1804 624 1863; x_wconf 87' lang='lat' dir='ltr'><strong>Romae</strong></span> <span class='ocrx_word' id='word_1_92' title='bbox 644 1805 726 1864; x_wconf 88' lang='lat' dir='ltr'><strong>enim</strong></span> <span class='ocrx_word' id='word_1_93' title='bbox 746 1805 845 1864; x_wconf 79' lang='lat' dir='ltr'><strong>oratio</strong></span> <span class='ocrx_word' id='word_1_94' title='bbox 863 1825 898 1865; x_wconf 87' lang='lat' dir='ltr'><strong>ac</strong></span> <span class='ocrx_word' id='word_1_95' title='bbox 913 1805 960 1864; x_wconf 89' lang='lat' dir='ltr'><strong>vis</strong></span> <span class='ocrx_word' id='word_1_96' title='bbox 973 1804 1106 1864; x_wconf 89' lang='lat' dir='ltr'><strong>lorensis</strong></span> 
     </span>
     <span class='ocr_line' id='line_1_15' title="bbox 106 1900 1109 1985; baseline -0.002 -23"><span class='ocrx_word' id='word_1_97' title='bbox 106 1904 306 1963; x_wconf 86' lang='lat' dir='ltr'><strong>itauniversa</strong></span> <span class='ocrx_word' id='word_1_98' title='bbox 319 1902 375 1960; x_wconf 92' lang='lat' dir='ltr'><strong>sub</strong></span> <span class='ocrx_word' id='word_1_99' title='bbox 390 1901 529 1981; x_wconf 84' lang='lat' dir='ltr'><strong>principe</strong></span> <span class='ocrx_word' id='word_1_100' title='bbox 542 1902 643 1980; x_wconf 89' lang='lat' dir='ltr'><strong>operis</strong></span> <span class='ocrx_word' id='word_1_101' title='bbox 657 1901 703 1959; x_wconf 93' lang='lat' dir='ltr'><strong>sui</strong></span> <span class='ocrx_word' id='word_1_102' title='bbox 718 1901 819 1981; x_wconf 81' lang='lat' dir='ltr'><strong>erupit</strong></span> <span class='ocrx_word' id='word_1_103' title='bbox 833 1900 945 1974; x_wconf 91' lang='lat' dir='ltr'><strong>Tullio,</strong></span> <span class='ocrx_word' id='word_1_104' title='bbox 961 1909 995 1960; x_wconf 92' lang='lat' dir='ltr'><strong>ut</strong></span> <span class='ocrx_word' id='word_1_105' title='bbox 1006 1901 1109 1985; x_wconf 78' lang='lat' dir='ltr'><strong>delec-</strong></span> 
     </span>
     <span class='ocr_line' id='line_1_16' title="bbox 106 1998 1109 2078; baseline -0.004 -19"><span class='ocrx_word' id='word_1_106' title='bbox 106 2001 165 2060; x_wconf 86' lang='lat' dir='ltr'><strong>tari</strong></span> <span class='ocrx_word' id='word_1_107' title='bbox 177 2006 250 2059; x_wconf 91' lang='lat' dir='ltr'><strong>ante</strong></span> <span class='ocrx_word' id='word_1_108' title='bbox 261 2020 329 2058; x_wconf 90' lang='lat' dir='ltr'><strong>eum</strong></span> <span class='ocrx_word' id='word_1_109' title='bbox 341 1998 544 2078; x_wconf 81' lang='lat' dir='ltr'><strong>paucissimis,</strong></span> <span class='ocrx_word' id='word_1_110' title='bbox 559 1999 664 2057; x_wconf 90' lang='lat' dir='ltr'><strong>mirari</strong></span> <span class='ocrx_word' id='word_1_111' title='bbox 674 2018 748 2060; x_wconf 87' lang='lat' dir='ltr'><strong>vero</strong></span> <span class='ocrx_word' id='word_1_112' title='bbox 762 1999 915 2057; x_wconf 90' lang='lat' dir='ltr'><strong>neminem</strong></span> <span class='ocrx_word' id='word_1_113' title='bbox 927 1998 1037 2078; x_wconf 89' lang='lat' dir='ltr'><strong>possis,</strong></span> <span class='ocrx_word' id='word_1_114' title='bbox 1051 1999 1109 2056; x_wconf 89' lang='lat' dir='ltr'><strong>nisi</strong></span> 
     </span>
     <span class='ocr_line' id='line_1_17' title="bbox 106 2093 1112 2174; baseline -0.005 -17"><span class='ocrx_word' id='word_1_115' title='bbox 106 2105 161 2158; x_wconf 90' lang='lat' dir='ltr'><strong>aut</strong></span> <span class='ocrx_word' id='word_1_116' title='bbox 175 2096 214 2156; x_wconf 90' lang='lat' dir='ltr'><strong>ab</strong></span> <span class='ocrx_word' id='word_1_117' title='bbox 230 2096 283 2155; x_wconf 91' lang='lat' dir='ltr'><strong>illo</strong></span> <span class='ocrx_word' id='word_1_118' title='bbox 298 2095 398 2154; x_wconf 86' lang='lat' dir='ltr'><strong>visum</strong></span> <span class='ocrx_word' id='word_1_119' title='bbox 418 2103 472 2154; x_wconf 93' lang='lat' dir='ltr'><strong>aut</strong></span> <span class='ocrx_word' id='word_1_120' title='bbox 492 2095 544 2174; x_wconf 88' lang='lat' dir='ltr'><strong>qui</strong></span> <span class='ocrx_word' id='word_1_121' title='bbox 565 2094 651 2153; x_wconf 93' lang='lat' dir='ltr'><strong>illum</strong></span> <span class='ocrx_word' id='word_1_122' title='bbox 673 2094 796 2154; x_wconf 88' lang='lat' dir='ltr'><strong>viderit.</strong></span> <span class='ocrx_word' id='word_1_123' title='bbox 819 2096 887 2154; x_wconf 91' lang='lat' dir='ltr'><strong>Hoc</strong></span> <span class='ocrx_word' id='word_1_124' title='bbox 906 2093 987 2154; x_wconf 89' lang='lat' dir='ltr'><strong>idern</strong></span> <span class='ocrx_word' id='word_1_125' title='bbox 1006 2095 1112 2154; x_wconf 87' lang='lat' dir='ltr'><strong>evenit</strong></span> 
     </span>
     <span class='ocr_line' id='line_1_18' title="bbox 105 2191 1112 2273; baseline -0.002 -21"><span class='ocrx_word' id='word_1_126' title='bbox 105 2193 326 2273; x_wconf 80' lang='lat' dir='ltr'><strong>grammaticiS,</strong></span> <span class='ocrx_word' id='word_1_127' title='bbox 343 2192 461 2271; x_wconf 89' lang='lat' dir='ltr'><strong>plastis,</strong></span> <span class='ocrx_word' id='word_1_128' title='bbox 487 2192 668 2272; x_wconf 64' lang='lat' dir='ltr'><strong>pictoribus</strong></span> <span class='ocrx_word' id='word_1_129' title='bbox 693 2191 911 2271; x_wconf 77' lang='lat' dir='ltr'><strong>sculptoribus</strong></span> <span class='ocrx_word' id='word_1_130' title='bbox 925 2191 1026 2272; x_wconf 88' lang='lat' dir='ltr'><strong>Hujus</strong></span> <span class='ocrx_word' id='word_1_131' title='bbox 1037 2211 1112 2270; x_wconf 80' lang='lat' dir='ltr'><strong>ergo</strong></span> 
     </span>
     <span class='ocr_line' id='line_1_19' title="bbox 106 2287 1202 2372; baseline -0.004 -22"><span class='ocrx_word' id='word_1_132' title='bbox 106 2289 384 2372; x_wconf 89' lang='lat' dir='ltr'><strong>praecedentisque</strong></span> <span class='ocrx_word' id='word_1_133' title='bbox 403 2288 515 2348; x_wconf 89' lang='lat' dir='ltr'><strong>saeculi</strong></span> <span class='ocrx_word' id='word_1_134' title='bbox 536 2289 730 2366; x_wconf 84' lang='lat' dir='ltr'><strong>ingeniorum</strong></span> <span class='ocrx_word' id='word_1_135' title='bbox 753 2287 964 2347; x_wconf 83' lang='lat' dir='ltr'><strong>similitudinis</strong></span> <span class='ocrx_word' id='word_1_136' title='bbox 984 2308 1113 2366; x_wconf 85' lang='lat' dir='ltr'><strong>congre·</strong></span> <span class='ocrx_word' id='word_1_137' title='bbox 1186 2299 1202 2354; x_wconf 70' lang='lat' dir='ltr'><em>f</em></span> 
     </span>
     <span class='ocr_line' id='line_1_20' title="bbox 105 2384 1112 2467; baseline -0.003 -19"><span class='ocrx_word' id='word_1_138' title='bbox 105 2386 303 2467; x_wconf 82' lang='lat' dir='ltr'><strong>gationisque</strong></span> <span class='ocrx_word' id='word_1_139' title='bbox 357 2392 388 2444; x_wconf 90' lang='lat' dir='ltr'><strong>et</strong></span> <span class='ocrx_word' id='word_1_140' title='bbox 416 2385 448 2444; x_wconf 93' lang='lat' dir='ltr'><strong>in</strong></span> <span class='ocrx_word' id='word_1_141' title='bbox 479 2384 616 2444; x_wconf 89' lang='lat' dir='ltr'><strong>studium</strong></span> <span class='ocrx_word' id='word_1_142' title='bbox 658 2406 713 2465; x_wconf 86' lang='lat' dir='ltr'><strong>par</strong></span> <span class='ocrx_word' id='word_1_143' title='bbox 740 2392 771 2444; x_wconf 88' lang='lat' dir='ltr'><strong>et</strong></span> <span class='ocrx_word' id='word_1_144' title='bbox 803 2385 834 2443; x_wconf 94' lang='lat' dir='ltr'><strong>in</strong></span> <span class='ocrx_word' id='word_1_145' title='bbox 867 2387 1112 2445; x_wconf 89' lang='lat' dir='ltr'><strong>emolumentum</strong></span> 
     </span>
     <span class='ocr_line' id='line_1_21' title="bbox 105 2482 1113 2563; baseline -0.004 -19"><span class='ocrx_word' id='word_1_146' title='bbox 105 2504 213 2544; x_wconf 85' lang='lat' dir='ltr'><strong>causas</strong></span> <span class='ocrx_word' id='word_1_147' title='bbox 240 2502 311 2542; x_wconf 90' lang='lat' dir='ltr'><strong>cum</strong></span> <span class='ocrx_word' id='word_1_148' title='bbox 341 2502 422 2562; x_wconf 86' lang='lat' dir='ltr'><strong>saepe</strong></span> <span class='ocrx_word' id='word_1_149' title='bbox 448 2482 582 2562; x_wconf 86' lang='lat' dir='ltr'><strong>require,</strong></span> <span class='ocrx_word' id='word_1_150' title='bbox 606 2502 775 2562; x_wconf 89' lang='lat' dir='ltr'><strong>numquam</strong></span> <span class='ocrx_word' id='word_1_151' title='bbox 801 2483 920 2562; x_wconf 85' lang='lat' dir='ltr'><strong>reperio</strong></span> <span class='ocrx_word' id='word_1_152' title='bbox 944 2504 1019 2563; x_wconf 88' lang='lat' dir='ltr'><strong>quas</strong></span> <span class='ocrx_word' id='word_1_153' title='bbox 1046 2503 1113 2541; x_wconf 89' lang='lat' dir='ltr'><strong>esse</strong></span> 
     </span>
     <span class='ocr_line' id='line_1_22' title="bbox 105 2577 1114 2664; baseline 0 -26"><span class='ocrx_word' id='word_1_154' title='bbox 105 2601 195 2640; x_wconf 87' lang='lat' dir='ltr'><strong>veras</strong></span> <span class='ocrx_word' id='word_1_155' title='bbox 216 2578 382 2652; x_wconf 90' lang='lat' dir='ltr'><strong>confidam,</strong></span> <span class='ocrx_word' id='word_1_156' title='bbox 406 2577 459 2664; x_wconf 84' lang='lat' dir='ltr'><strong>sed</strong></span> <span class='ocrx_word' id='word_1_157' title='bbox 476 2579 606 2637; x_wconf 80' lang='lat' dir='ltr'><strong>fortasse</strong></span> <span class='ocrx_word' id='word_1_158' title='bbox 625 2579 689 2636; x_wconf 90' lang='lat' dir='ltr'><strong>veri</strong></span> <span class='ocrx_word' id='word_1_159' title='bbox 712 2578 836 2652; x_wconf 78' lang='lat' dir='ltr'><strong>similae,</strong></span> <span class='ocrx_word' id='word_1_160' title='bbox 860 2580 941 2638; x_wconf 87' lang='lat' dir='ltr'><strong>inter</strong></span> <span class='ocrx_word' id='word_1_161' title='bbox 959 2601 1035 2660; x_wconf 91' lang='lat' dir='ltr'><strong>quas</strong></span> <span class='ocrx_word' id='word_1_162' title='bbox 1057 2580 1114 2638; x_wconf 87' lang='lat' dir='ltr'><strong>has</strong></span> 
     </span>
     <span class='ocr_line' id='line_1_23' title="bbox 105 2675 1114 2752; baseline -0.002 -16"><span class='ocrx_word' id='word_1_163' title='bbox 105 2678 250 2738; x_wconf 84' lang='lat' dir='ltr'><strong>maxime.</strong></span> <span class='ocrx_word' id='word_1_164' title='bbox 266 2675 330 2735; x_wconf 85' lang='lat' dir='ltr'><strong>Alit</strong></span> <span class='ocrx_word' id='word_1_165' title='bbox 339 2675 495 2734; x_wconf 83' lang='lat' dir='ltr'><strong>aemulatio</strong></span> <span class='ocrx_word' id='word_1_166' title='bbox 505 2675 638 2752; x_wconf 84' lang='lat' dir='ltr'><strong>ingenia,</strong></span> <span class='ocrx_word' id='word_1_167' title='bbox 649 2684 680 2734; x_wconf 91' lang='lat' dir='ltr'><strong>et</strong></span> <span class='ocrx_word' id='word_1_168' title='bbox 690 2695 772 2734; x_wconf 91' lang='lat' dir='ltr'><strong>nunc</strong></span> <span class='ocrx_word' id='word_1_169' title='bbox 783 2676 910 2749; x_wconf 87' lang='lat' dir='ltr'><strong>invidia,</strong></span> <span class='ocrx_word' id='word_1_170' title='bbox 923 2697 1005 2736; x_wconf 88' lang='lat' dir='ltr'><strong>nunc</strong></span> <span class='ocrx_word' id='word_1_171' title='bbox 1015 2677 1114 2735; x_wconf 91' lang='lat' dir='ltr'><strong>admi-</strong></span> 
     </span>
     <span class='ocr_line' id='line_1_24' title="bbox 105 2768 1114 2852; baseline -0.003 -18"><span class='ocrx_word' id='word_1_172' title='bbox 105 2775 186 2834; x_wconf 88' lang='lat' dir='ltr'><strong>ratio</strong></span> <span class='ocrx_word' id='word_1_173' title='bbox 199 2773 402 2833; x_wconf 87' lang='lat' dir='ltr'><strong>imitationem</strong></span> <span class='ocrx_word' id='word_1_174' title='bbox 414 2768 573 2831; x_wconf 88' lang='lat' dir='ltr'><strong>accendit:</strong></span> <span class='ocrx_word' id='word_1_175' title='bbox 589 2779 770 2852; x_wconf 89' lang='lat' dir='ltr'><strong>matureque</strong></span> <span class='ocrx_word' id='word_1_176' title='bbox 780 2772 864 2852; x_wconf 90' lang='lat' dir='ltr'><strong>quod</strong></span> <span class='ocrx_word' id='word_1_177' title='bbox 875 2793 995 2831; x_wconf 91' lang='lat' dir='ltr'><strong>summo</strong></span> <span class='ocrx_word' id='word_1_178' title='bbox 1008 2773 1114 2832; x_wconf 91' lang='lat' dir='ltr'><strong>studio</strong></span> 
     </span>
     <span class='ocr_line' id='line_1_25' title="bbox 105 2868 1113 2952; baseline -0.003 -22"><span class='ocrx_word' id='word_1_179' title='bbox 105 2872 239 2952; x_wconf 89' lang='lat' dir='ltr'><strong>petitum</strong></span> <span class='ocrx_word' id='word_1_180' title='bbox 262 2877 309 2928; x_wconf 88' lang='lat' dir='ltr'><strong>est</strong></span> <span class='ocrx_word' id='word_1_181' title='bbox 329 2868 468 2928; x_wconf 90' lang='lat' dir='ltr'><strong>ascendit</strong></span> <span class='ocrx_word' id='word_1_182' title='bbox 483 2869 515 2926; x_wconf 95' lang='lat' dir='ltr'><strong>in</strong></span> <span class='ocrx_word' id='word_1_183' title='bbox 533 2889 698 2941; x_wconf 90' lang='lat' dir='ltr'><strong>summum,</strong></span> <span class='ocrx_word' id='word_1_184' title='bbox 718 2868 913 2948; x_wconf 88' lang='lat' dir='ltr'><strong>difficilisque</strong></span> <span class='ocrx_word' id='word_1_185' title='bbox 928 2870 960 2927; x_wconf 91' lang='lat' dir='ltr'><strong>in</strong></span> <span class='ocrx_word' id='word_1_186' title='bbox 975 2873 1113 2948; x_wconf 87' lang='lat' dir='ltr'><strong>perlecto</strong></span> 
     </span>
     <span class='ocr_line' id='line_1_26' title="bbox 105 2965 1113 3046; baseline -0.003 -19"><span class='ocrx_word' id='word_1_187' title='bbox 105 2989 192 3027; x_wconf 91' lang='lat' dir='ltr'><strong>mora</strong></span> <span class='ocrx_word' id='word_1_188' title='bbox 208 2973 274 3027; x_wconf 88' lang='lat' dir='ltr'><strong>est:</strong></span> <span class='ocrx_word' id='word_1_189' title='bbox 290 2965 545 3044; x_wconf 90' lang='lat' dir='ltr'><strong>naturaliterque,</strong></span> <span class='ocrx_word' id='word_1_190' title='bbox 558 2965 641 3044; x_wconf 91' lang='lat' dir='ltr'><strong>quod</strong></span> <span class='ocrx_word' id='word_1_191' title='bbox 652 2965 819 3044; x_wconf 90' lang='lat' dir='ltr'><strong>procedere</strong></span> <span class='ocrx_word' id='word_1_192' title='bbox 832 2987 894 3023; x_wconf 92' lang='lat' dir='ltr'><strong>non</strong></span> <span class='ocrx_word' id='word_1_193' title='bbox 905 2973 1016 3046; x_wconf 85' lang='lat' dir='ltr'><strong>potest,</strong></span> <span class='ocrx_word' id='word_1_194' title='bbox 1029 2986 1113 3024; x_wconf 88' lang='lat' dir='ltr'><strong>rece-</strong></span> 
     </span>
     <span class='ocr_line' id='line_1_27' title="bbox 106 3061 1113 3142; baseline -0.003 -19"><span class='ocrx_word' id='word_1_195' title='bbox 106 3065 170 3136; x_wconf 85' lang='lat' dir='ltr'><strong>dit;</strong></span> <span class='ocrx_word' id='word_1_196' title='bbox 192 3071 223 3123; x_wconf 91' lang='lat' dir='ltr'><strong>et</strong></span> <span class='ocrx_word' id='word_1_197' title='bbox 242 3071 277 3122; x_wconf 92' lang='lat' dir='ltr'><strong>ut</strong></span> <span class='ocrx_word' id='word_1_198' title='bbox 296 3063 396 3142; x_wconf 90' lang='lat' dir='ltr'><strong>primo</strong></span> <span class='ocrx_word' id='word_1_199' title='bbox 415 3061 454 3121; x_wconf 91' lang='lat' dir='ltr'><strong>ad</strong></span> <span class='ocrx_word' id='word_1_200' title='bbox 473 3061 713 3141; x_wconf 89' lang='lat' dir='ltr'><strong>consequendos</strong></span> <span class='ocrx_word' id='word_1_201' title='bbox 733 3083 810 3141; x_wconf 89' lang='lat' dir='ltr'><strong>quos</strong></span> <span class='ocrx_word' id='word_1_202' title='bbox 832 3062 949 3141; x_wconf 84' lang='lat' dir='ltr'><strong>priores</strong></span> <span class='ocrx_word' id='word_1_203' title='bbox 970 3063 1113 3122; x_wconf 87' lang='lat' dir='ltr'><strong>ducimus</strong></span> 
     </span>
     <span class='ocr_line' id='line_1_28' title="bbox 105 3159 1114 3240; baseline -0.002 -19"><span class='ocrx_word' id='word_1_204' title='bbox 105 3161 316 3230; x_wconf 87' lang='lat' dir='ltr'><strong>accendimur,</strong></span> <span class='ocrx_word' id='word_1_205' title='bbox 338 3159 381 3218; x_wconf 88' lang='lat' dir='ltr'><strong>ita</strong></span> <span class='ocrx_word' id='word_1_206' title='bbox 399 3159 450 3216; x_wconf 93' lang='lat' dir='ltr'><strong>ubi</strong></span> <span class='ocrx_word' id='word_1_207' title='bbox 471 3165 526 3216; x_wconf 88' lang='lat' dir='ltr'><strong>aut</strong></span> <span class='ocrx_word' id='word_1_208' title='bbox 545 3159 706 3238; x_wconf 87' lang='lat' dir='ltr'><strong>praeteriri</strong></span> <span class='ocrx_word' id='word_1_209' title='bbox 727 3166 781 3218; x_wconf 85' lang='lat' dir='ltr'><strong>aut</strong></span> <span class='ocrx_word' id='word_1_210' title='bbox 804 3160 927 3239; x_wconf 89' lang='lat' dir='ltr'><strong>aequari</strong></span> <span class='ocrx_word' id='word_1_211' title='bbox 948 3180 1001 3218; x_wconf 90' lang='lat' dir='ltr'><strong>eos</strong></span> <span class='ocrx_word' id='word_1_212' title='bbox 1023 3179 1114 3240; x_wconf 89' lang='lat' dir='ltr'><strong>posse</strong></span> 
     </span>
     <span class='ocr_line' id='line_1_29' title="bbox 105 3256 1111 3338; baseline -0.003 -21"><span class='ocrx_word' id='word_1_213' title='bbox 105 3257 352 3338; x_wconf 87' lang='lat' dir='ltr'><strong>desperavimus,</strong></span> <span class='ocrx_word' id='word_1_214' title='bbox 368 3256 505 3314; x_wconf 90' lang='lat' dir='ltr'><strong>studium</strong></span> <span class='ocrx_word' id='word_1_215' title='bbox 521 3276 590 3314; x_wconf 91' lang='lat' dir='ltr'><strong>cum</strong></span> <span class='ocrx_word' id='word_1_216' title='bbox 611 3276 663 3334; x_wconf 87' lang='lat' dir='ltr'><strong>spe</strong></span> <span class='ocrx_word' id='word_1_217' title='bbox 688 3256 829 3328; x_wconf 88' lang='lat' dir='ltr'><strong>senescit,</strong></span> <span class='ocrx_word' id='word_1_218' title='bbox 843 3263 873 3314; x_wconf 86' lang='lat' dir='ltr'><strong>et</strong></span> <span class='ocrx_word' id='word_1_219' title='bbox 888 3256 970 3335; x_wconf 94' lang='lat' dir='ltr'><strong>quod</strong></span> <span class='ocrx_word' id='word_1_220' title='bbox 984 3256 1111 3336; x_wconf 89' lang='lat' dir='ltr'><strong>adsequi</strong></span> 
     </span>
     <span class='ocr_line' id='line_1_30' title="bbox 105 3352 1111 3434; baseline -0.002 -20"><span class='ocrx_word' id='word_1_221' title='bbox 105 3375 171 3414; x_wconf 90' lang='lat' dir='ltr'><strong>non</strong></span> <span class='ocrx_word' id='word_1_222' title='bbox 196 3361 309 3434; x_wconf 88' lang='lat' dir='ltr'><strong>potest,</strong></span> <span class='ocrx_word' id='word_1_223' title='bbox 325 3353 411 3432; x_wconf 89' lang='lat' dir='ltr'><strong>sequi</strong></span> <span class='ocrx_word' id='word_1_224' title='bbox 428 3352 551 3420; x_wconf 86' lang='lat' dir='ltr'><strong>desinit,</strong></span> <span class='ocrx_word' id='word_1_225' title='bbox 568 3360 599 3410; x_wconf 91' lang='lat' dir='ltr'><strong>et</strong></span> <span class='ocrx_word' id='word_1_226' title='bbox 622 3352 706 3410; x_wconf 89' lang='lat' dir='ltr'><strong>velut</strong></span> <span class='ocrx_word' id='word_1_227' title='bbox 730 3360 912 3431; x_wconf 88' lang='lat' dir='ltr'><strong>occupatam</strong></span> <span class='ocrx_word' id='word_1_228' title='bbox 935 3353 1111 3432; x_wconf 90' lang='lat' dir='ltr'><strong>relinquens</strong></span> 
     </span>
     <span class='ocr_line' id='line_1_31' title="bbox 105 3450 1114 3530; baseline -0.002 -19"><span class='ocrx_word' id='word_1_229' title='bbox 105 3450 268 3511; x_wconf 90' lang='lat' dir='ltr'><strong>materiam</strong></span> <span class='ocrx_word' id='word_1_230' title='bbox 281 3450 391 3530; x_wconf 89' lang='lat' dir='ltr'><strong>quaerit</strong></span> <span class='ocrx_word' id='word_1_231' title='bbox 406 3469 529 3517; x_wconf 89' lang='lat' dir='ltr'><strong>novam,</strong></span> <span class='ocrx_word' id='word_1_232' title='bbox 546 3450 766 3529; x_wconf 85' lang='lat' dir='ltr'><strong>praeteritoque</strong></span> <span class='ocrx_word' id='word_1_233' title='bbox 784 3469 820 3507; x_wconf 91' lang='lat' dir='ltr'><strong>eo</strong></span> <span class='ocrx_word' id='word_1_234' title='bbox 844 3450 875 3507; x_wconf 95' lang='lat' dir='ltr'><strong>in</strong></span> <span class='ocrx_word' id='word_1_235' title='bbox 894 3471 955 3530; x_wconf 93' lang='lat' dir='ltr'><strong>quo</strong></span> <span class='ocrx_word' id='word_1_236' title='bbox 977 3451 1114 3510; x_wconf 86' lang='lat' dir='ltr'><strong>eminere</strong></span> 
     </span>
     <span class='ocr_line' id='line_1_32' title="bbox 105 3545 1113 3628; baseline 0 -21"><span class='ocrx_word' id='word_1_237' title='bbox 105 3568 171 3608; x_wconf 90' lang='lat' dir='ltr'><strong>non</strong></span> <span class='ocrx_word' id='word_1_238' title='bbox 183 3567 358 3627; x_wconf 91' lang='lat' dir='ltr'><strong>possumus,</strong></span> <span class='ocrx_word' id='word_1_239' title='bbox 375 3545 492 3626; x_wconf 86' lang='lat' dir='ltr'><strong>aliquid</strong></span> <span class='ocrx_word' id='word_1_240' title='bbox 504 3546 535 3603; x_wconf 90' lang='lat' dir='ltr'><strong>in</strong></span> <span class='ocrx_word' id='word_1_241' title='bbox 551 3567 612 3625; x_wconf 94' lang='lat' dir='ltr'><strong>quo</strong></span> <span class='ocrx_word' id='word_1_242' title='bbox 626 3547 762 3604; x_wconf 91' lang='lat' dir='ltr'><strong>nitamur</strong></span> <span class='ocrx_word' id='word_1_243' title='bbox 771 3546 998 3624; x_wconf 90' lang='lat' dir='ltr'><strong>conquirimus:</strong></span> <span class='ocrx_word' id='word_1_244' title='bbox 1012 3548 1113 3628; x_wconf 91' lang='lat' dir='ltr'><strong>sequi·</strong></span> 
     </span>
     <span class='ocr_line' id='line_1_33' title="bbox 103 3642 1113 3728; baseline -0.003 -23"><span class='ocrx_word' id='word_1_245' title='bbox 103 3654 219 3724; x_wconf 88' lang='lat' dir='ltr'><strong>turque</strong></span> <span class='ocrx_word' id='word_1_246' title='bbox 232 3651 267 3702; x_wconf 93' lang='lat' dir='ltr'><strong>ut</strong></span> <span class='ocrx_word' id='word_1_247' title='bbox 279 3643 424 3723; x_wconf 87' lang='lat' dir='ltr'><strong>frequens</strong></span> <span class='ocrx_word' id='word_1_248' title='bbox 438 3663 474 3702; x_wconf 90' lang='lat' dir='ltr'><strong>ac</strong></span> <span class='ocrx_word' id='word_1_249' title='bbox 486 3642 608 3701; x_wconf 89' lang='lat' dir='ltr'><strong>mobilis</strong></span> <span class='ocrx_word' id='word_1_250' title='bbox 630 3642 779 3702; x_wconf 89' lang='lat' dir='ltr'><strong>transitus</strong></span> <span class='ocrx_word' id='word_1_251' title='bbox 796 3642 968 3702; x_wconf 83' lang='lat' dir='ltr'><strong>maximum</strong></span> <span class='ocrx_word' id='word_1_252' title='bbox 983 3646 1113 3728; x_wconf 86' lang='lat' dir='ltr'><strong>perlecti</strong></span> 
     </span>
     <span class='ocr_line' id='line_1_34' title="bbox 104 3739 543 3822; baseline -0.005 -20"><span class='ocrx_word' id='word_1_253' title='bbox 104 3741 211 3822; x_wconf 89' lang='lat' dir='ltr'><strong>operis</strong></span> <span class='ocrx_word' id='word_1_254' title='bbox 223 3739 478 3819; x_wconf 90' lang='lat' dir='ltr'><strong>impedimentum</strong></span> <span class='ocrx_word' id='word_1_255' title='bbox 492 3739 543 3800; x_wconf 85' lang='lat' dir='ltr'><strong>sit.</strong></span> 
     </span>
    </p>
   </div>
   <div class='ocr_carea' id='block_1_6' title="bbox 534 3935 692 3988">
    <p class='ocr_par' dir='ltr' id='par_1_6' title="bbox 534 3935 692 3988">
     <span class='ocr_line' id='line_1_35' title="bbox 534 3935 692 3988; baseline 0 -1"><span class='ocrx_word' id='word_1_256' title='bbox 534 3935 692 3988; x_wconf 83' lang='lat'>-285-</span> 
     </span>
    </p>
   </div>
   <div class='ocr_carea' id='block_1_7' title="bbox 0 0 1346 4258">
    <p class='ocr_par' dir='ltr' id='par_1_7' title="bbox 0 0 1346 4258">
     <span class='ocr_line' id='line_1_36' title="bbox 0 0 1346 4258; baseline 0 0"><span class='ocrx_word' id='word_1_257' title='bbox 0 0 1346 4258; x_wconf 95' lang='lat' dir='ltr'><strong> </strong></span> 
     </span>
    </p>
   </div>
  </div>
 </body>
</html>
