2656 4258
407 121 487 174 141.
517 119 594 175 Une
619 131 735 174 veuve
759 115 942 193 neruique.

413 221 573 301 (Demira'
604 221 714 281 viduae
740 219 934 299 constantia.)

188 368 191 374 ¹
213 382 247 443 ln
264 381 370 452 Vetus,
387 381 467 444 Asiae
480 381 656 460 proconsul,
668 400 834 460 socrusque
849 379 915 458 ejus
929 379 1043 453 Sextia,
1058 384 1089 436 et
1101 373 1171 436 Pol·
1185 378 1242 434 tur,

172 479 242 537 litta
256 476 318 536 filia
329 478 410 558 apud
427 478 579 536 Neronem
594 461 728 537 accusati
744 484 847 535 sunta
864 476 1033 535 Fortunato
1048 474 1170 548 liberto,

171 574 266 632 invisi
280 574 423 654 principi,
433 582 589 653 tamquam
602 573 736 632 vivendo
752 573 971 652 exprobrarent
979 571 1174 630 interiectum

169 691 238 730 esse
266 668 443 729 Rubellium
472 670 626 743 Plautum,
652 690 798 748 generum
819 670 853 728 L.
879 669 1009 727 Veteris
1037 667 1172 740 Pollitta,

170 788 267 848 super
280 767 618 852 ingrueuspericulum,
631 767 724 844 longo
740 766 844 824 dolore
859 773 957 837 atrox,
977 786 1014 822 ex
1031 785 1092 847 quo
1102 783 1175 848 per-

169 885 314 924 cussores
341 863 566 930 Plauti2mariti
596 864 658 926 sui.
672 863 790 921 viderat
810 881 816 922 :
834 868 1055 940 cruentamque
1077 859 1175 919 cervi-

169 957 238 1021 cem
256 962 323 1041 ejus
347 961 498 1042 amplexa,
522 961 664 1020 servabat
679 960 858 1037 sanguinem
877 967 907 1017 et
931 964 1031 1016 vestes
1055 977 1174 1036 resper-

167 1054 230 1126 saS,
246 1053 341 1112 vidua
357 1054 490 1132 impexa,
505 1053 590 1112 luctu
607 1052 768 1124 continue,
786 1073 842 1110 nec
858 1051 926 1110 ullis
946 1046 1099 1109 alimentis
1115 1048 1172 1107 nisi

168 1164 242 1229 q'uae
266 1157 397 1209 mortem
419 1157 569 1208 arcerent.
597 1149 685 1220 Tum,
719 1149 862 1206 hortante
890 1155 987 1228 patre,
1013 1143 1172 1225 Neapolim

168 1235 289 1326 pergit.'
315 1247 363 1316 Et,
393 1246 463 1327 quia
496 1246 583 1306 aditu
612 1245 743 1304 Neronis
774 1244 1004 1324 prohibebatur,
1034 1263 1173 1320 egressus

166 1342 327 1414 obsidem,
351 1367 365 1398 <‹
387 1343 510 1401 audiret
529 1343 693 1412 insontem,
717 1362 795 1400 neve
817 1341 994 1400 consulatus
1012 1341 1059 1399 sui
1076 1360 1173 1420 quon-

166 1439 241 1498 dam
257 1438 405 1518 collegam
421 1439 548 1498 dederet
562 1438 672 1498 liberto
685 1463 711 1511 u,
724 1437 816 1518 modo
829 1438 971 1497 muliebri
980 1437 1108 1517 ejulatu,
1118 1435 1173 1494 ali-

3 1541 5 1630 ,
65 1533 71 1545 '
165 1537 306 1616 quando,
328 1545 434 1596 sexum
461 1556 593 1613 egressa,
622 1554 697 1594 voce
724 1535 842 1594 intensa
861 1527 1049 1607 clamitabat,
1074 1533 1173 1592 donec

166 1633 314 1713 princeps
332 1632 519 1692 immobilem
546 1652 577 1690 se
599 1633 741 1711 precibus
760 1641 791 1691 et
817 1633 943 1691 invidiae
959 1633 1049 1712 juxta
1072 1637 1173 1688 osten-

164 1729 226 1787 dit.
242 1730 322 1807 Ergo
339 1729 460 1788 nuntiat
474 1729 580 1807 patri«
597 1728 729 1807 abjicere
738 1747 823 1807 spem
840 1736 870 1787 et
885 1728 931 1786 uti
945 1728 1125 1787 necessitate
1142 1751 1169 1787 ».

163 1825 269 1884 Simul
283 1825 409 1884 affertur
421 1825 521 1904 parari
543 1814 750 1901 cognitionem
771 1809 895 1882 senatus
913 1831 944 1883 et
968 1831 1086 1903 trucem
1103 1844 1172 1884 sen·

166 1922 309 1980 tentiam.
323 1909 420 1994 Tunc,
434 1921 539 1980 eodem
554 1921 585 1978 in
601 1921 756 1991 cubiculo,
770 1920 878 1980 codem
893 1921 975 1979 terro
985 1904 1173 1980 abscindunt

162 2037 273 2087 venas
288 2007 474 2098 properique
498 2017 616 2077 balneis
642 2017 828 2088 inferuntur,
858 2024 945 2096 pater
972 2017 1077 2092 filiam,
1103 2017 1170 2076 avia

163 2121 305 2193 neptem,
323 2114 375 2178 illa
385 2103 530 2194 utrosque
545 2115 680 2184 intuens,
691 2123 722 2174 et
733 2116 872 2176 certatim
886 2122 1045 2194 precantes
1056 2115 1170 2173 labenti

159 2211 278 2272 animae
293 2202 423 2270 celerem
437 2211 564 2282 exitum,
581 2218 616 2269 ut
631 2211 841 2292 relinquerent
859 2233 930 2294 suos
946 2213 1124 2291 superstites
1140 2221 1170 2269 et

162 2307 346 2397 morituros.
359 2307 561 2388 Servavitque
571 2307 710 2367 ordinem
723 2309 863 2369 fortuna:
876 2330 911 2392 ac
928 2309 1063 2390 seniores
1072 2308 1167 2388 prius,

159 2409 235 2466 tum
248 2405 297 2464 eui
312 2405 512 2484 prima-aetas,
527 2405 775 2485 exstinguuntur.

242 2626 325 2684 1424
350 2625 510 2682 Douleur
525 2625 724 2692 (Poetovio,
758 2639 859 2683 soeur
887 2627 1097 2696 d’Auguste.

229 2721 549 2811 (Octaviaduqu'sti
568 2749 665 2804 soror,
680 2729 867 2800 Marcellum
888 2751 979 2790 suum
998 2731 1108 2813 luq'et.)
1162 2750 1164 2756 ·

208 2888 343 2966 Octavia
358 2887 455 2949 filium
482 2909 570 2947 suum
594 2888 774 2948 Marcellum
798 2890 910 2962 amisit,
939 2890 1166 2949 adulescentem
1194 2900 1236 2968 2·
1324 2889 1325 2892 ’

156 2985 271 3047 animo
295 2985 437 3052 alacrem,
465 2985 587 3062 ingenio
601 2993 768 3064 potentem,
793 2987 845 3045 sed
867 2987 1049 3064 frugalitatis
1069 2989 1166 3046 conti·

159 3082 386 3163 nen-tiaequein
405 3081 466 3140 illis
487 3090 540 3141 aut
559 3083 646 3140 annis
667 3090 721 3141 aut
749 3084 859 3162 opibus
883 3103 944 3141 non
972 3084 1167 3144 mediocriter

157 3179 376 3250 admirandae,
405 3186 688 3258 quantumcumque
703 3180 858 3259 imponere
879 3179 923 3239 illi
938 3183 1108 3261 Augustus
1123 3190 1165 3256 ct,

161 3283 201 3336 ut
212 3275 256 3333 ita
265 3275 374 3347 dicam,
396 3275 579 3334 inaedificare
592 3275 749 3339 voluisset.
764 3277 907 3337 laturum.
920 3276 1045 3338 Nullum
1061 3279 1165 3352 finem,

158 3393 225 3453 per
238 3391 328 3430 omne
346 3372 416 3431 vitae
432 3392 495 3430 suae
513 3379 644 3452 tempus,
669 3373 763 3430 flendi
780 3374 990 3455 gemendique
1008 3375 1090 3448 fecit,
1110 3397 1166 3435 nec

159 3469 248 3529 ullas
265 3467 385 3546 admisit
396 3487 488 3542 uoces
499 3467 631 3528 salutare
651 3469 767 3549 aliquid
783 3471 953 3534 afferentes.
966 3521 967 3524 η
978 3472 1024 3530 Ne
1043 3475 1166 3532 avocari

162 3563 296 3645 quidem
309 3584 339 3622 se
354 3585 442 3644 passa
464 3571 524 3639 est,
538 3563 660 3624 intenta
687 3567 719 3624 in
743 3587 834 3624 unam
858 3589 922 3626 rem
938 3576 968 3627 et
985 3576 1049 3628 toto
1062 3570 1165 3629 animo

159 3659 354 3718 affixaTalis
382 3681 440 3741 per.
462 3683 582 3720 omnem
604 3663 699 3720 vitam
721 3662 890 3742 fuitqualis
909 3665 938 3722 in
955 3665 1078 3738 funere,
1103 3686 1164 3724 non

603 3839 734 3895 ssuo..
