2656 4258
147 154 207 213 98.
227 157 301 226 Quo
320 156 376 214 les
395 157 567 215 esolaves
586 158 651 214 ont
668 159 703 215 lo
722 158 820 215 droit
840 156 1029 216 d’ho'riter.

247 302 347 386 (Servi
366 325 490 386 quoque
511 304 638 366 heredes
658 305 758 365 scribi
771 305 929 388 possunt.)

123 541 213 602 Sicut
227 541 316 602 liberi
333 543 483 616 homines,
498 543 541 603 ita
555 552 587 603 et
600 545 681 603 servi
695 551 759 604 tam
778 544 876 603 nostri
891 564 983 624 quam
995 543 1086 604 alieni
1112 545 1156 609 3·
1191 585 1195 590 -
1233 577 1237 592 ι

83 637 215 698 heredes
229 640 322 698 scribi
337 647 479 720 possunt.
500 640 560 700 Sed
577 648 682 700 noster
701 661 806 699 servus
821 641 911 700 simut
923 649 954 700 et
965 640 1043 700 liber
1056 647 1088 699 ot

83 732 174 794 heres
189 757 256 795 esse
264 736 367 816 juberi
382 737 484 810 debet,
499 737 533 802 id
542 745 598 811 est,
610 736 670 797 hoo
682 737 775 798 modo
792 756 799 798 :
816 763 830 793 «
847 738 970 797 Stichus
981 757 1087 796 servus

84 853 173 892 meus
193 833 272 891 liber
291 834 438 913 heresque
456 841 533 908 esto,
559 834 641 892 »vel
662 859 676 890 κ
698 836 787 894 heres
808 834 947 914 liberque
968 842 1034 894 esto
1057 858 1082 893 ».

87 929 167 988 Nam
190 931 216 988 si
239 931 304 1010 sine
324 929 466 990 libertate
486 931 574 990 heres
591 931 752 990 institutus
768 931 818 1002 sit,
839 931 960 990 etiamsi
981 937 1087 1010 postea

85 1028 297 1085 manumissus
316 1026 410 1085 fuerit
426 1048 443 1086 a
459 1027 595 1100 dominu,
616 1026 704 1086 heres
723 1049 788 1088 esse
808 1049 870 1087 non
886 1035 999 1108 potest,
1015 1027 1086 1108 quia

84 1123 243 1182 institutio
255 1123 287 1183 in
303 1144 433 1204 persona
449 1124 516 1205 ejus
531 1145 592 1183 non
606 1125 918 1205 constitit3'ideoque‚
932 1123 1087 1184 licetalie-

87 1225 178 1278 natus
204 1220 253 1291 sit,
278 1240 339 1279 non
361 1228 464 1299 potest
476 1221 566 1300 jussu
590 1222 706 1282 domini
724 1223 797 1281 novi
821 1243 945 1282 cernere
968 1221 1089 1280 heredi-

2 1364 3 1394 ,
84 1323 192 1376 tatem.
213 1316 292 1375 Cum
312 1316 453 1376 libertate
472 1339 546 1376 vero
565 1317 654 1377 heres
676 1318 848 1392 institutus,
870 1318 895 1377 si
912 1317 1036 1399 quidem
1055 1317 1087 1376 in

2 1441 3 1488 j
84 1433 118 1471 ea
136 1433 229 1496 causa
252 1412 420 1488 duraverit,
442 1415 476 1472 fit
493 1435 530 1474 ex
547 1421 731 1474 testamento
750 1415 828 1474 liber
848 1421 880 1473 et
897 1414 968 1474 inde
984 1434 1088 1474 neces-

2 1497 3 1540 ³
83 1499 188 1568 sarius
199 1508 300 1570 herae.
317 1509 348 1570 Si
365 1532 439 1570 vero
459 1512 496 1570 ab
513 1511 581 1591 ipso
596 1518 742 1571 testatore
760 1512 965 1571 manumissus
982 1512 1086 1586 fuerit,

83 1626 141 1664 suo
167 1605 296 1665 arbitrio
316 1606 517 1666 hereditatem
540 1607 624 1666 adire
641 1616 752 1688 potest.
777 1608 864 1676 Quod
888 1609 912 1666 si
937 1607 1089 1668 alienatus

82 1703 135 1776 sit,
170 1703 261 1782 jussu
291 1703 365 1762 novi
392 1703 508 1762 domini
540 1704 623 1763 adire
658 1703 860 1764 hereditatem
893 1705 1000 1764 dehet:
1027 1725 1088 1785 qua

82 1801 204 1858 ratione
220 1820 275 1878 per
292 1820 361 1859 eum
377 1801 520 1860 dominus
540 1801 575 1859 fit
593 1801 697 1875 heres;
712 1822 782 1860 nam
802 1802 867 1882 ipse
885 1822 985 1883 neque
1000 1802 1089 1861 heres

83 1916 184 1977 neque
197 1895 275 1954 liber
289 1917 355 1955 esse
368 1905 480 1982 potest.
498 1897 624 1956 Alienus
640 1917 762 1979 quoque
777 1919 884 1956 servus
898 1899 985 1957 heres
999 1898 1088 1958 insti-

82 1985 180 2065 tutuS,
198 1993 223 2051 si
243 1993 275 2050 in
292 1993 398 2052 eadem
419 2015 509 2052 causa
532 1993 700 2067 duraverit,
718 1995 808 2075 jussu
831 1994 948 2053 domini
966 1994 1089 2053 heredi-

83 2098 178 2166 tatem
192 2089 278 2149 adire
293 2089 399 2164 debet;
420 2091 446 2149 si
468 2111 541 2150 vero
554 2091 705 2150 alienatus
720 2091 758 2150 ab
775 2111 813 2150 eo
827 2091 931 2163 suerit,
948 2097 1002 2150 aut
1015 2091 1089 2150 vivo

3 2217 4 2224 ,
81 2195 243 2261 testatore,
262 2193 317 2246 aut
336 2194 407 2267 post
426 2195 557 2246 mortem
575 2187 652 2268 ejuS,
673 2195 841 2270 antequam
858 2195 974 2262 cernat,
996 2187 1088 2248 debet

74 2285 168 2364 jussu
186 2284 261 2342 novi
282 2271 399 2342 domini
420 2303 555 2343 cernere.
579 2285 611 2343 Si
630 2305 704 2344 vero
721 2286 929 2344 manumissus
950 2291 1007 2359 est,
1031 2306 1089 2345 suo

79 2379 212 2440 arbitrio
228 2379 315 2440 adire
328 2379 531 2440 hereditatem
547 2388 659 2462 potest.
