2670 4252
151 161 204 220 29.
225 167 294 220 sur
312 165 369 221 les
388 164 574 234 punitions
592 163 760 242 tntlige'es
779 178 854 222 aux
872 164 1007 222 eleves·

269 321 270 324 ,
331 259 390 347 (De
411 259 816 348 castiqandiadiacipulis.)

461 433 494 470 aa
515 415 685 470 rbuxoonua

88 522 147 580 Non
160 524 236 598 sino,
254 522 354 604 neque
370 526 514 606 equidem
532 526 619 585 illum
637 547 685 586 me
701 527 773 585 vivo
787 527 944 606 corrumpi
961 525 1070 585 sinam.
1100 504 1140 567 2⁰
1213 575 1216 590 ,

86 617 137 678 Sed
155 627 197 693 tu,
221 623 280 700 qui'
295 631 358 682 tam
381 643 437 702 pro
459 632 606 703 corrupto
628 611 705 683 dicis
727 643 848 683 causam
871 623 944 696 filio,

84 715 225 777 'Eademne
236 727 303 778 erat
315 719 381 778 haec
391 719 551 800 disciplina
563 721 629 793 tibi,
644 741 737 801 quom
749 728 782 779 tu
795 720 973 779 adulescens
984 719 1073 777 eras?

85 815 153 872 Ante
173 815 267 874 solem
290 817 478 875 exorientem
501 818 532 876 ni
554 817 587 875 in
610 817 784 897 palaestram
807 838 947 890 venerae,

81 907 230 986 'Gymnasii
252 912 399 992 praelecto
421 913 503 972 haud
526 913 695 973 mediocres
718 935 828 993 poenas
850 913 1009 993 penderes,

85 1003 204 1066 lnde‘de
227 1009 433 1089 hippodromo
451 1017 482 1069 et
500 1011 640 1090 palaestra
662 1011 714 1070 ubi
738 1011 910 1069 revenisses
932 1009 1069 1084 domum,

84 1101 242 1164 Cincticulo
258 1107 441 1186 praecinctus
456 1108 487 1165 in
503 1107 577 1166 sella
597 1108 679 1188 apud
701 1108 881 1186 magistrum
898 1104 1067 1179 adsideres;

84 1196 167 1263 Quom
190 1201 303 1261 librum
326 1203 453 1282 legeres,
477 1205 500 1262 si
524 1225 615 1263 unam
638 1205 829 1284 peccavisses
850 1203 1009 1284 syllabam,

84 1294 170 1356 Fieret
189 1300 307 1358 corium
323 1307 384 1359 tam
401 1299 589 1360 maculosum
612 1323 705 1381 quam
720 1309 767 1360 est
781 1301 911 1360 nutricis
929 1300 1067 1380 pallium.

507 1455 539 1492 aa
561 1437 631 1492 rana

83 1505 133 1563 Alii
155 1531 238 1569 nunc
259 1519 331 1570 sunt
352 1532 462 1572 mores

456 1640 489 1676 aa
511 1622 681 1678 prinnannus

367 1723 401 1782 Id
424 1724 564 1804 equidem
588 1732 671 1784 certo
694 1724 769 1784 scic.

82 1813 145 1874 llam
166 1818 240 1878 olim
263 1820 370 1900 populi
392 1821 476 1900 prius
499 1821 647 1880 honorem
669 1820 810 1900 capiebat
830 1823 975 1900 suffragio

80 1908 162 1974 (luam
186 1917 326 1994 magistri
348 1917 508 1977 desinebat
529 1939 594 1977 esse
616 1918 698 1977 dicto
720 1918 890 1978 oboediens

79 2009 112 2064 Al
126 2031 205 2070 nunc
219 2013 399 2094 priusquam
419 2016 598 2094 septuennis
613 2023 669 2085 est,
687 2015 711 2074 si
727 2015 860 2094 attingas
877 2036 946 2074 eum
960 2036 1065 2088 manu,

82 2101 229 2188 Extemplo
251 2131 329 2190 puer
348 2111 517 2190 paedagogo
540 2113 643 2171 tabula
665 2112 829 2192 disrumpit
849 2121 952 2192 caput.

82 2199 166 2265 Quom
188 2213 308 2284 patrem
335 2208 425 2267 adeas
450 2209 651 2288 postulatum,
675 2229 771 2289 puero
792 2211 836 2269 sic
857 2209 933 2268 dicit
952 2217 1064 2289 pater:

84 2321 94 2349 a
113 2299 221 2360 Noster
241 2311 319 2376 estc,
343 2304 416 2364 dum
439 2313 469 2365 te
490 2307 606 2386 poteris
627 2306 786 2366 defensare
808 2307 932 2387 injuria.
957 2331 972 2364 u

77 2394 250 2456 Provocatur
270 2399 479 2480 paedagogus:
504 2427 518 2456 a
544 2403 621 2474 Eho,
646 2427 737 2464 senex
760 2407 880 2467 minimi
903 2412 994 2488 preti,

80 2489 114 2550 Ne
133 2497 242 2574 attigas
264 2519 395 2578 puerum
421 2500 498 2559 istac
523 2521 625 2570 causa,
649 2500 773 2581 quando
794 2501 868 2559 fecit
889 2508 1023 2562 strenue.
1048 2525 1063 2556 u

79 2585 100 2645 ll
117 2585 257 2671 magister
280 2604 374 2655 uncto
399 2596 537 2676 expletus
560 2597 692 2657 linteo...
720 2598 794 2657 ltan'
816 2606 919 2678 potest

79 2683 205 2750 lnhibere
226 2685 570 2771 imperium'magister,
594 2695 618 2752 si
641 2695 725 2775 ipsus
746 2695 865 2775 primus
885 2695 1033 2774 vapulet?

378 2869 437 2928 30.
458 2871 529 2927 Sur
547 2869 744 2928 l’ecriture.

432 2975 486 3055 (De
508 2975 689 3057 scriptura.)

108 3099 171 3162 Non
184 3105 259 3163 mihi
273 3105 350 3165 illud
365 3108 465 3187 placet
477 3108 560 3187 quod
575 3109 606 3165 in
623 3109 762 3188 plurimis
777 3109 878 3181 videa,
897 3117 931 3168 ut
945 3109 1060 3168 littera·
1074 3116 1133 3172 Rh-

77 3213 130 3254 rum
144 3202 268 3261 nomina
283 3209 314 3262 et
326 3212 504 3263 contextum
524 3206 607 3284 prius
628 3225 717 3285 quam
739 3205 851 3264 formas
865 3206 983 3286 parvuli
999 3206 1060 3264 dis-

76 3302 145 3353 eant.
160 3297 267 3357 Obstat
282 3299 341 3358 hoc
358 3301 506 3378 agnitioni
525 3322 640 3375 earum,
660 3323 722 3360 non
743 3303 974 3361 intendentibus
989 3323 1061 3361 mox

76 3390 196 3452 animum
219 3395 257 3454 ad
283 3396 367 3476 ipsos
388 3398 510 3471 ductuS,
532 3399 605 3457 dum
625 3400 856 3458 antecedentem
882 3401 1061 3458 memoriam

77 3501 243 3564 sequuntur.
267 3493 342 3560 Quae
364 3514 455 3554 causa
474 3503 521 3553 est
537 3495 801 3576 praecipientibus,
822 3503 856 3554 ut
872 3496 964 3555 etiam
990 3518 1061 3556 cum
1170 3562 1174 3571 ¹

77 3583 137 3642 satis
153 3587 283 3648 alfixisse
295 3609 344 3648 eas
357 3591 459 3669 pueris
472 3598 556 3650 recto
571 3591 624 3650 illo
637 3612 699 3672 quo
713 3593 845 3672 primum
858 3593 950 3652 scribi
962 3593 1062 3652 solent

76 3688 205 3742 contextu
220 3685 376 3762 videntur,
392 3695 569 3764 retroagant
583 3710 687 3748 rursus
698 3697 729 3748 et
738 3690 821 3748 varia
834 3692 1060 3771 permutatione

76 3776 193 3848 turbent,
217 3781 318 3842 donec
339 3782 457 3844 litteras
480 3785 533 3866 qui
550 3785 756 3846 instituuntur
773 3787 851 3846 sacie
871 3789 984 3860 norint,
998 3809 1060 3847 non

487 3919 627 3972 -21..
