2670 4252
351 174 386 212 LA
409 175 537 214 FAMILLE.
561 190 599 198 -
621 175 669 213 LES
691 177 827 216 ENFANTS.
851 191 890 200 ····-
912 179 960 214 LES
982 178 1108 216 Paannrs

228 304 280 342 ros
308 305 399 365 quam
425 285 540 365 collega
570 296 622 346 aut
645 289 676 345 in
697 309 750 348 sua
781 296 933 367 potestate
958 288 1049 348 habet
1072 289 1232 349 aut-bello

228 381 340 441 amisit.
359 383 416 445 Sed
434 383 458 440 si
473 404 529 462 par
545 385 667 464 utrique
682 406 827 443 numerus
841 387 1008 444 liberorum
1020 393 1075 457 cst,
1091 387 1230 459 maritus,

229 486 283 535 aut
294 479 347 558 qui
360 479 390 536 in
407 501 534 539 numero
550 482 731 540 maritorum
746 490 802 555 est,
820 484 992 562 praelertur.
1009 484 1039 540 Si
1054 504 1126 541 vero
1141 483 1233 540 ambo

229 580 262 632 et
275 575 376 634 mariti
392 587 423 634 et
437 585 538 656 patres
555 579 683 637 totidem
701 579 867 638 liberorum
884 588 966 650 sunt,
985 589 1049 639 tum
1065 580 1115 638 ille
1131 579 1228 659 pristi-

230 691 288 728 nus
311 672 408 731 honos
427 675 626 749 instauratur,
644 683 674 734 ct
693 677 746 756 qui
761 677 860 756 major
874 685 947 736 natu
967 685 1013 736 est
1026 676 1112 757 prior
1135 675 1233 734 fasces

228 769 333 826 sumit.
355 771 453 849 Super
477 772 512 829 iis
534 783 637 831 autem
659 773 712 852 qui
732 780 786 832 ant
812 773 935 832 caelibes
955 775 1045 832 ambo
1069 780 1151 842 sunt,
1180 779 1233 830 aut

230 885 333 944 parem
345 887 505 926 numerum
517 870 649 929 filiorum
667 870 791 935 habent.
805 878 859 928 aut
875 871 976 928 mariti
990 877 1061 929 sunt
1076 879 1106 928 ct
1120 869 1233 928 liberos

229 981 292 1025 aon
313 963 438 1038 habent,
454 965 527 1022 nihil
551 967 700 1044 scriptum
723 965 755 1022 in
776 964 841 1041 lege
863 965 901 1022 de
926 971 1016 1023 aetate
1040 971 1098 1024 est.
1117 964 1233 1024 Solitos

229 1043 332 1118 lamen
346 1061 438 1120 audio
453 1063 507 1141 qui
522 1061 588 1139 lege
606 1061 742 1140 potiores
765 1069 869 1120 essent
893 1061 989 1120 fasces
1011 1059 1099 1138 primi
1119 1057 1233 1117 mensis

228 1156 354 1234 collegis
372 1159 540 1217 concedere
560 1165 614 1217 aut
635 1159 725 1237 longe
742 1165 832 1217 aetate
850 1157 1015 1237 prioribus,
1033 1165 1086 1215 aut
1101 1155 1233 1214 nobilio-

225 1250 315 1312 ribus
332 1255 440 1322 multo,
461 1264 514 1314 aut
529 1255 697 1314 secundum
714 1255 908 1314 consulatum
926 1254 1116 1314 ineuntibus¹

229 1457 289 1514 23.
310 1459 367 1514 Un
389 1459 478 1528 pere
502 1459 621 1516 doit-il
645 1459 814 1528 touJours
839 1456 949 1516 ceder
973 1458 1096 1526 lopas
1117 1455 1141 1512 a
1160 1463 1228 1510 son

330 1545 390 1602 fils
410 1544 512 1602 eleve
533 1559 607 1604 aux
627 1548 790 1616 grandes
809 1543 1132 1616 magistratures‘?

231 1649 358 1732 (Utrum
368 1659 504 1732 patrem,
519 1673 559 1711 aa
573 1651 678 1732 filium
700 1651 757 1733 qui
774 1650 977 1732 mapistratus
993 1657 1048 1721 cst,
1060 1647 1235 1730 praepredi

334 1745 336 1750 ⁸
633 1748 830 1828 conveniat?)

165 1889 204 1952 2·
269 1881 317 1940 Ad
333 1881 550 1961 philosophum
564 1883 700 1941 Taurum
719 1883 855 1940 Athenas
869 1889 996 1940 venerat
1008 1901 1115 1960 pra-*ses
1132 1879 1233 1938 Cretae

230 1979 410 2057 provinciae,
424 1986 455 2037 et
469 2001 539 2038 cum
551 2001 586 2038 eo
600 1979 689 2038 simul
704 1979 841 2058 ejusdem
855 1978 993 2057 praesidis
1007 1985 1103 2058 pater.
1121 1978 1234 2034 Assur-

229 2076 310 2134 rexit
320 2075 569 2154 placideTaurus,
587 2084 618 2134 et
633 2083 702 2156 post
721 2083 858 2134 mutuam
875 2075 1091 2133 salutationem
1107 2071 1232 2132 resedit.

229 2171 332 2231 Allata
347 2194 418 2230 mox
430 2179 489 2231 un'a
503 2173 575 2231 sella
591 2180 647 2244 est,
660 2173 770 2253 quaein
786 2179 928 2250 promptu
945 2179 1020 2241 erat,
1041 2177 1142 2250 atque,
1160 2168 1233 2226 dum

229 2268 307 2332 aliae,
324 2268 555 2347 promebantur,
575 2271 715 2348 apposita
735 2277 791 2327 est.
811 2269 959 2326 Invitavit
975 2269 999 2324 T
1001 2287 1093 2325 auras
1115 2272 1232 2347 patrem

230 2365 369 2444 praesidis
383 2373 417 2424 ut
433 2365 562 2426 sederet.
580 2368 682 2444 Atque
698 2367 748 2424 ille
764 2367 806 2424 ait
823 2385 829 2426 z
848 2390 861 2419 a
881 2365 991 2423 Sedent
1005 2364 1054 2422 hic
1066 2364 1168 2442 potius
1181 2363 1234 2442 qui

230 2462 336 2540 populi
357 2463 474 2520 romani
492 2463 689 2541 magistratus
710 2470 765 2522 est.
784 2487 798 2516 u
818 2497 852 2506 -
868 2487 882 2516 a
899 2463 1024 2541 Absque
1039 2460 1232 2540 praejudicio,

180 2561 182 2565 ’
231 2559 333 2637 inquit
353 2561 482 2630 TauruS,
506 2568 537 2618 tu
561 2561 680 2618 interea
700 2560 782 2631 sede,
805 2559 877 2616 dam
903 2559 1109 2636 conspicimus
1132 2565 1233 2615 ulrum

127 2680 128 2683 ¹
229 2657 395 2715 conveniat
413 2665 483 2715 tene
501 2658 604 2736 potius
626 2656 742 2724 sedere,
760 2657 812 2736 qui
831 2664 977 2735 pateres,
1001 2675 1039 2713 an
1056 2653 1164 2722 filium,
1182 2653 1233 2732 qui
1306 2713 1308 2716 ,

230 2753 427 2829 magistratus
447 2762 503 2812 est.
522 2779 536 2810 r>
556 2755 604 2817 Et.
622 2775 690 2812 cum
713 2763 799 2832 pater
818 2753 981 2812 assedisset
998 2751 1234 2830 appositumque

170 2923 172 2925 Ι
230 2850 403 2908 essetaliud
418 2851 480 2908 filio
496 2871 619 2929 quoque
635 2852 701 2928 ejus
716 2850 823 2922 sedile,
840 2851 907 2908 haec
926 2849 989 2907 lere
1009 2847 1101 2906 verba
1117 2847 1234 2904 Taurus
1304 2838 1311 2846 ’

230 2946 328 3006 dixit:
343 2971 356 3000 «
374 2948 408 3011 In
422 2947 551 3026 publicis
563 2947 637 3005 locis
649 2957 741 3026 atque
754 2947 933 3005 munoribus
947 2952 1068 3024 patrum
1080 2944 1149 3022 jura
1165 2963 1233 3000 cum

231 3043 374 3112 tiliorum,
392 3045 443 3123 qui
459 3045 488 3101 in
505 3044 686 3120 magistratu
702 3050 784 3116 sunt,
800 3043 1004 3121 potestatibus
1019 3041 1130 3099 collata
1144 3039 1235 3098 inter-

231 3141 386 3220 quiescere
401 3140 574 3219 paululum;
592 3141 644 3198 sed
658 3161 726 3198 cum
742 3147 826 3198 extra
839 3139 1060 3218 rempublicam
1072 3137 1103 3194 in
1117 3137 1236 3195 domes-

230 3237 291 3296 tica
308 3259 340 3296 re
360 3246 451 3316 atque
473 3238 536 3296 vita
562 3237 715 3310 sedeatur,
735 3237 920 3306 ambuletur,
948 3245 1014 3294 tum
1037 3236 1117 3293 inter
1138 3233 1235 3292 filiuni

230 3335 444 3411 magistratum
460 3342 490 3393 et
501 3343 619 3414 patrem
632 3335 789 3414 privatum
801 3333 941 3413 publicos
956 3333 1089 3390 honores
1102 3351 1235 3402 cessare,

231 3431 386 3490 naturales
401 3439 431 3490 et
452 3432 602 3510 genuinos
616 3431 738 3491 exoriri.
762 3431 829 3489 Hoc
849 3430 953 3508 igitur,
968 3429 1080 3508 inquit,
1097 3426 1181 3508 quod
1195 3429 1235 3486 ad

231 3549 280 3586 me
301 3529 439 3594 venistis
463 3528 544 3608 quod
570 3528 776 3607 colloquimur
799 3549 892 3598 nanc,
921 3526 1042 3606 privata
1068 3525 1149 3583 actio
1176 3532 1235 3584 est.

232 3627 339 3706 ltaque
367 3633 452 3683 utere
472 3625 554 3704 apud
575 3647 623 3683 me
642 3625 680 3683 iis
703 3624 871 3683 honoribus
893 3623 989 3703 priuS,
1013 3621 1126 3702 quibus
1151 3621 1235 3680 domi

231 3743 354 3802 quoque
371 3731 478 3781 restrae
496 3728 524 3781 16
537 3723 582 3781 uti
603 3722 736 3802 priorem
750 3721 849 3781 decet.
867 3745 882 3777 »

662 3909 797 3959 ...16-
