2678 4250
278 191 475 231 senex-anm.
500 207 539 218 —
558 175 764 232 uiuamus-
786 193 927 233 avecxrs.
945 207 985 216 -
1005 190 1200 230 rnorassnuas

233 330 290 370 nec
304 310 394 369 bonis
409 312 555 393 exemplis
568 313 663 372 ditior
677 313 747 383 fuit,
763 333 819 372 nee
834 313 864 370 in
880 332 972 392 quam
990 312 1148 370 civitatem
1170 316 1233 368 tam

199 479 208 494 ι
234 428 309 467 serae
320 408 448 468 avaritia
461 409 643 489 luxuriaque
657 410 913 488 immigraverint,
931 430 987 468 nec
1008 407 1059 467 ubi
1071 415 1177 466 tantus
1189 427 1234 464 ac

233 509 297 562 tam
326 503 379 564 diu
407 506 583 585 paupertati
609 527 644 565 ae
666 507 861 587 parsimoniae
888 506 987 564 honos
1012 505 1131 564 fuerit:
1157 503 1234 562 adeo

234 608 350 681 quanto
366 621 465 660 rerum
482 601 594 676 minus,
607 608 694 662 tanto
710 603 811 662 minus
826 593 1008 682 ¹cupiditatis
1032 608 1107 660 erat.
1129 601 1236 679 Nuper

233 697 350 757 divitiae
360 699 538 782 avaritiam,¹
546 705 577 757 et
589 699 780 759 abundantes
792 699 968 779 voluptates
980 697 1163 756 desiderium
1179 716 1235 775 per

232 793 338 852 luxum
379 795 477 874 atque
506 789 666 854 libidinem
700 795 849 876 pereundi
890 789 1100 875 perdendique
1130 793 1235 850 omnia

233 890 389 950 invexere.
404 891 463 950 Sed
478 891 622 972 querelae,
639 912 677 951 ne
692 885 760 952 tuni
775 891 899 973 quidem
913 899 1008 970 gratae
1025 891 1148 962 futurae,
1163 909 1234 948 cum

233 986 362 1047 forsitan
378 989 558 1070 necessariae
574 996 676 1064 erunt,
697 989 735 1048 ab
757 989 846 1048 initio
871 996 953 1047 certe
968 995 1063 1046 tantae
1078 985 1236 1045 ordiendae

233 1084 399 1146 reiabsint.
471 1087 476 1094 ⁴

234 1295 317 1355 328.
338 1253 522 1354 Difficulte'
547 1297 702 1377 dfeorire
722 1296 904 1354 l’histoire
924 1295 1233 1366 contemporaine.

282 1380 398 1464 (Quam
419 1377 552 1464 difficile
573 1382 614 1443 sit
635 1383 805 1444 recentium
827 1389 1000 1465 temporum
1021 1381 1187 1443 historiam

623 1480 844 1561 conscribere.)

168 1613 222 1672 ah.
276 1612 374 1672 Nemo
385 1612 508 1672 annales
524 1621 645 1673 nostros
660 1633 730 1672 cum
746 1614 896 1694 scriptura
909 1634 1015 1672 eorum
1026 1611 1233 1681 contenderit,

235 1708 427 1790 quiveteres
448 1710 554 1790 populi
581 1709 713 1768 Romani
737 1730 785 1768 res
806 1730 1018 1789 composuere.
1035 1707 1174 1786 ingentia
1192 1707 1236 1767 illi

234 1805 325 1880 bella,
349 1807 592 1886 expugnationes
613 1806 746 1877 urbium,
771 1807 854 1865 lusos
869 1813 1036 1886 captosque
1055 1825 1153 1883 regeS,
1171 1812 1237 1872 aut,

235 1904 260 1962 si
283 1903 406 1982 quando
433 1904 472 1962 ad
486 1903 607 1962 interna
629 1910 859 1983 praeverterent,
885 1902 1052 1961 discordias
1074 1901 1239 1960 consulum

235 1999 398 2060 adversum
412 2001 563 2070 tribunos,
579 1999 713 2077 agrarias
734 1999 1010 2079 frumentariasque
1025 1999 1118 2076 leges
1137 1997 1240 2077 plebis

235 2103 264 2156 et
298 2096 494 2176 optimatium
524 2096 692 2155 certamina
725 2095 821 2155 libero
853 2117 977 2176 egressu
1013 2094 1240 2154 memorabant.

235 2193 332 2252 Nobis
362 2193 395 2250 in
417 2200 483 2252 arto
512 2200 543 2252 et
568 2192 718 2270 inglorius
752 2193 848 2254 labor.
882 2194 1013 2252 immota
1044 2192 1158 2272 quippe
1185 2199 1243 2250 aut

234 2289 353 2350 modice
367 2288 507 2350 lacessita
522 2310 592 2367 pax,
610 2297 735 2348 maestae
752 2290 843 2349 Urbis
858 2312 916 2364 res,
934 2297 965 2348 et
977 2290 1118 2370 princeps
1133 2289 1208 2368 prof
1227 2323 1244 2333 -

234 2386 323 2445 rendi
334 2385 454 2464 imperii
465 2385 638 2445 incuriosus
659 2393 735 2445 erat.
756 2387 825 2446 Non
845 2394 948 2446 tamen
972 2387 1036 2445 sine
1061 2406 1117 2444 usu
1143 2385 1244 2444 luerit

234 2483 435 2562 introspicere
451 2481 502 2542 illa
517 2483 617 2563 primo
630 2483 779 2562 adspectu
795 2482 884 2554 levia,
909 2505 946 2541 ex
968 2484 1036 2564 quis
1058 2477 1243 2564 magnarum

150 2611 152 2615 ·
235 2600 315 2659 saepe
345 2599 446 2638 rerum
469 2588 571 2639 motus
592 2580 745 2640 oriuntur.
770 2578 976 2656 Ceterum‚ut
997 2575 1168 2658 profutura,
1197 2579 1243 2638 ita

235 2675 397 2734 minimum
409 2675 624 2736 oblectationis
640 2676 863 2735 afferunt.Nam
877 2676 954 2735 situs
973 2675 1122 2753 gentium,
1138 2675 1244 2732 varie·
1292 2728 1294 2732 .

234 2779 313 2832 tates
330 2772 521 2853 praeliorum,
538 2773 618 2831 clari
634 2773 747 2831 ducum
773 2773 873 2831 exitus
898 2773 1031 2832 retinent
1046 2793 1081 2831 ae
1102 2771 1243 2830 redinte-

234 2875 325 2948 grant
349 2868 516 2948 legentium
544 2869 678 2927 animum
710 2887 717 2928 ε
754 2890 810 2928 nos
835 2891 914 2929 saeva
942 2870 1038 2949 jussa,
1072 2853 1244 2926 continuas

235 2966 456 3033 accusationes,
474 2965 597 3024 fallaces
617 2966 779 3039 amicitiae,
791 2967 958 3046 perniciem
973 2964 1184 3024 innocentium
1208 2973 1245 3024 et

235 3063 356 3124 easdem
379 3059 463 3122 exitii
485 3083 590 3144 causas
612 3063 840 3143 conjungimuS,
863 3062 953 3122 obvia
968 3082 1069 3120 rerum
1092 3060 1245 3145 similitu-

235 3159 305 3219 dine
324 3167 354 3218 et
376 3159 526 3218 satietate.
548 3159 637 3232 Tum,
663 3159 746 3240 quod
769 3160 903 3240 antiquis
922 3159 1125 3238 scriptoribus
1149 3179 1246 3218 rarus

235 3256 436 3329 obtrectator,
452 3276 551 3336 neque
575 3256 668 3315 refert
688 3257 870 3336 cujusquam
889 3255 1019 3316 Punicas
1040 3255 1247 3323 Romanasve

235 3353 316 3412 aries
328 3353 428 3411 laetius
452 3352 598 3412 extuleris
613 3354 630 3426 ;’
647 3361 678 3412 at
696 3354 863 3413 multorum
877 3353 941 3432 qui,
955 3352 1077 3410 Tiberio
1097 3358 1246 3430 regente,

226 3469 360 3529 lpoenam
375 3449 424 3507 vel
438 3428 579 3510 infamias
593 3449 723 3522 subiere,
741 3450 856 3529 posteri
879 3457 1021 3522 manent;
1038 3456 1133 3528 utque
1149 3448 1246 3508 fami-

234 3546 366 3625 liaeipsae
376 3545 440 3625 jam
457 3546 617 3606 exstinctae
633 3547 703 3617 sint,
721 3547 855 3626 reperies
875 3547 926 3626 qui
947 3545 986 3604 ob
1002 3537 1248 3608 similitudinem

235 3662 356 3701 morum
372 3642 470 3702 aliena
484 3642 644 3703 malefacta
656 3644 713 3701 sibi
726 3642 874 3722 objectari
887 3650 1007 3722 putent.
1025 3643 1125 3700 Etiam
1140 3640 1250 3720 gloria

235 3759 271 3798 ac
290 3739 390 3796 virtus
409 3735 542 3816 infensos
559 3740 661 3811 habet,
689 3748 721 3798 ut
742 3740 832 3797 nimis
850 3761 887 3798 ex
912 3739 1089 3820 propinquo
1114 3738 1252 3804 diversa

237 3855 380 3914 arguens.
407 3830 409 3835 ’

658 3917 762 3967 -230
780 3945 809 3954 -
