2656 4258
323 222 437 260 NOBLES.
462 234 500 246 -
521 204 680 259 mundinas,
703 234 740 244 ····
761 219 950 258 nurflnn'cnls,
973 231 1014 242 ··
1032 219 1174 256 ESCLAVES

250 331 347 394 Video
368 339 501 404 sentum,
521 332 705 412 squalidum,
721 351 847 410 aegnum,
864 331 974 410 pannis
996 329 1146 410 annisque
1168 329 1251 387 obsi-

1157 426 1249 508 [tum.

191 547 198 571 ³
250 550 264 580 α
293 525 374 593 Quid
404 527 494 600 istuc,
526 526 662 606 inquam,
696 525 796 584 ornati
828 525 898 584 est?
930 548 944 578 n
976 557 1015 568 -
1048 548 1061 578 «
1095 523 1250 591 Quoniam

670 623 784 702 [misen
808 619 890 700 quod
912 619 1017 692 habui,
1040 620 1189 700 perdidi:
1213 641 1251 678 en
1314 657 1315 698 q

248 717 316 785 Quo
342 719 483 778 redactus
510 721 599 778 sum!
624 718 737 782 Omnes
763 717 827 775 noti
854 737 902 776 me
929 725 1021 798 atque
1048 716 1138 776 amici
1165 716 1254 775 dese·
1314 701 1315 750 i

1126 821 1211 874 runt.
1236 837 1251 868 n

249 911 308 970 Hie
333 933 390 990 ego
416 912 502 970 illum
522 912 694 991 contempsi
720 932 782 991 prae
811 929 881 970 me:
907 936 921 965 (ι
946 910 1052 978 Quid?
1069 813 1181 978 ihoiiio,
1207 911 1253 969 in-

895 1007 1010 1086 [quam
1037 1007 1250 1085 ignavissime,

178 1171 186 1182 .
249 1104 442 1183 ltan’parusti
464 1112 505 1176 te,
530 1112 563 1162 ui
585 1125 654 1183 spes
677 1104 759 1162 nulla
780 1105 898 1184 reliqua
920 1105 951 1162 in
974 1112 1004 1163 te
1027 1104 1066 1162 sit
1088 1103 1195 1163 ubit).

247 1200 344 1259 Simul
371 1201 533 1258 consilium
560 1221 630 1259 cum
655 1221 688 1259 re
714 1200 840 1259 amisti?
865 1199 974 1259 Viden'
1002 1221 1050 1259 me
1078 1221 1116 1259 ex
1141 1201 1252 1259 eodem
1315 1195 1316 1260 †

1020 1297 1134 1376 [ortum
1157 1298 1254 1357 loco?

247 1393 305 1458 Qui
331 1391 427 1463 color,
455 1393 548 1462 nitor,
572 1393 718 1466 vestitus3
742 1414 811 1472 quae
838 1393 987 1452 habitudo
1013 1401 1060 1453 est
1085 1395 1252 1474 corporis!

247 1488 358 1547 Omnia
384 1471 493 1564 hebed,
525 1511 624 1570 neque
652 1489 821 1570 quidquam
850 1489 972 1550 habeo:
1001 1489 1044 1548 nil
1071 1511 1166 1570 quom
1183 1497 1252 1559 est,

923 1587 977 1665 [nil
999 1586 1074 1645 defit
1094 1595 1211 1647 tamen.
1238 1611 1252 1644 n

246 1715 285 1726 -
308 1706 322 1738 a
345 1683 387 1742 At
408 1704 465 1761 ego
488 1683 595 1742 infelix
621 1704 720 1762 neque
747 1683 896 1741 ridiculus
923 1703 998 1758 esse,
1023 1703 1123 1764 neque
1145 1684 1255 1762 plagas
1316 1715 1317 1750 3

1175 1780 1255 1860 [pali
1316 1779 1317 1802 ¹

248 1875 376 1934 Possum
400 1901 428 1936 ».
450 1865 527 1934 -u
551 1875 657 1944 Quid?
679 1883 712 1934 lu
739 1875 787 1934 his
813 1877 904 1935 rebus
926 1876 1025 1936 credie
1052 1877 1145 1935 sieri?
1174 1878 1256 1937 Tota

717 2035 720 2044 ,
1070 1973 1167 2053 [erras
1189 1975 1254 2035 via.

248 2069 328 2128 Olim
358 2069 409 2128 isti
439 2069 499 2128 suit
528 2069 633 2146 generi
665 2068 820 2149 quondum
849 2077 984 2149 quaestus
1014 2069 1097 2149 apud
1126 2072 1256 2130 saeclum

1122 2167 1226 2248 [prius
1248 2189 1255 2230 :
1317 2211 1318 2226 i

249 2262 316 2320 Hoc
331 2282 446 2320 novum
464 2268 511 2319 est
527 2261 694 2340 aucupium
711 2279 718 2320 ε
738 2282 795 2340 ego
814 2261 891 2321 adeo
910 2261 989 2322 hane
1007 2265 1126 2343 primus
1148 2265 1257 2324 inveni
1317 2255 1318 2320 Ϊ

1144 2361 1256 2441 [viam.

249 2455 302 2512 Est
323 2475 419 2532 genus
441 2454 613 2524 hominum,
632 2455 684 2534 qui
707 2475 773 2512 esse
794 2455 910 2535 primos
932 2477 964 2516 se
985 2457 1125 2516 omnium
1148 2480 1257 2518 rerum

1114 2554 1257 2635 [volunt‚

248 2647 311 2706 Nec
337 2654 423 2718 sunt3
452 2647 507 2706 hos
536 2655 716 2707 consector:
747 2645 830 2706 hisce
860 2669 916 2726 ego
945 2670 1006 2708 non
1035 2671 1111 2730 pano
1140 2673 1191 2712 me
1222 2664 1258 2714 ut

1117 2749 1256 2825 rideant,

247 2839 307 2898 Sed
329 2841 371 2898 eis
393 2840 474 2898 ultro
497 2839 633 2912 adrideO,
657 2847 813 2898 eteorum
839 2841 962 2919 ingenia
989 2748 1125 2902 admirdr
1148 2847 1256 2910 simul.

247 2936 401 3015 Quidquid
430 2935 548 3007 dicunt,
574 2935 679 3008 laud0;
703 2934 735 2992 id
756 2956 878 2994 rursum
900 2938 925 2994 si
947 2947 1072 3016 negant,
1100 2941 1197 3002 laudo
1225 2945 1259 3003 id

1102 3037 1256 3120 [quoque.

206 3166 213 3180 a
248 3129 346 3208 Negat
368 3129 461 3208 quis?
483 3146 586 3205 nego:
611 3128 663 3198 uit,
682 3127 754 3187 aio:
778 3134 934 3207 postremo
956 3130 1107 3210 imperavi
1130 3147 1260 3214 egomet

1166 3232 1259 3310 [mihi

246 3322 356 3381 Omnia
371 3321 537 3382 adsentari.
555 3321 584 3378 Is
599 3327 735 3399 quaestus
752 3340 832 3379 nunc
848 3327 894 3379 est
908 3321 1006 3381 multo
1027 3324 1219 3389 uberrimus.
1242 3357 1256 3386 ι)
