<?xml version="1.0" encoding="UTF-8"?>
<!DOCTYPE html PUBLIC "-//W3C//DTD XHTML 1.0 Transitional//EN"
    "http://www.w3.org/TR/xhtml1/DTD/xhtml1-transitional.dtd">
<html xmlns="http://www.w3.org/1999/xhtml" xml:lang="en" lang="en">
 <head>
  <title>
</title>
<meta http-equiv="Content-Type" content="text/html;charset=utf-8" />
  <meta name='ocr-system' content='tesseract 3.04.00' />
  <meta name='ocr-capabilities' content='ocr_page ocr_carea ocr_par ocr_line ocrx_word'/>
</head>
<body>
  <div class='ocr_page' id='page_1' title='image "./depublicaprivat00arnagoog_0084.png"; bbox 0 0 2670 4252; ppageno 0'>
   <div class='ocr_carea' id='block_1_1' title="bbox 79 170 1062 319">
    <p class='ocr_par' dir='ltr' id='par_1_1' title="bbox 79 170 1062 319">
     <span class='ocr_line' id='line_1_1' title="bbox 79 170 1062 242; baseline 0.003 -15"><span class='ocrx_word' id='word_1_1' title='bbox 79 170 127 228; x_wconf 82' lang='lat'>5³.</span> <span class='ocrx_word' id='word_1_2' title='bbox 146 173 218 241; x_wconf 84' lang='lat' dir='ltr'>oue</span> <span class='ocrx_word' id='word_1_3' title='bbox 232 172 305 229; x_wconf 85' lang='lat' dir='ltr'>l’on</span> <span class='ocrx_word' id='word_1_4' title='bbox 323 176 410 242; x_wconf 84' lang='lat' dir='ltr'>peut</span> <span class='ocrx_word' id='word_1_5' title='bbox 432 174 586 242; x_wconf 82' lang='lat' dir='ltr'>profiter</span> <span class='ocrx_word' id='word_1_6' title='bbox 605 175 650 229; x_wconf 86' lang='lat' dir='ltr'>de</span> <span class='ocrx_word' id='word_1_7' title='bbox 668 174 708 230; x_wconf 85' lang='lat' dir='ltr'>la</span> <span class='ocrx_word' id='word_1_8' title='bbox 725 175 867 230; x_wconf 86' lang='lat' dir='ltr'>lecture</span> <span class='ocrx_word' id='word_1_9' title='bbox 882 174 948 230; x_wconf 86' lang='lat' dir='ltr'>des</span> <span class='ocrx_word' id='word_1_10' title='bbox 962 185 1062 230; x_wconf 78' lang='lat' dir='ltr'>mau-</span> 
     </span>
     <span class='ocr_line' id='line_1_2' title="bbox 412 260 710 319; baseline 0.007 -2"><span class='ocrx_word' id='word_1_11' title='bbox 412 261 498 319; x_wconf 82' lang='lat' dir='ltr'>vals</span> <span class='ocrx_word' id='word_1_12' title='bbox 513 260 710 319; x_wconf 77' lang='lat' dir='ltr'>ecrtvains.</span> 
     </span>
    </p>
   </div>
   <div class='ocr_carea' id='block_1_2' title="bbox 93 362 1041 448">
    <p class='ocr_par' dir='ltr' id='par_1_2' title="bbox 93 362 1041 448">
     <span class='ocr_line' id='line_1_3' title="bbox 93 362 1041 448; baseline 0.003 -26"><span class='ocrx_word' id='word_1_13' title='bbox 93 362 202 442; x_wconf 82' lang='lat' dir='ltr'>(Etiam</span> <span class='ocrx_word' id='word_1_14' title='bbox 217 371 380 446; x_wconf 82' lang='lat' dir='ltr'>corruptas</span> <span class='ocrx_word' id='word_1_15' title='bbox 395 364 548 425; x_wconf 79' lang='lat' dir='ltr'>orationes</span> <span class='ocrx_word' id='word_1_16' title='bbox 563 363 736 447; x_wconf 80' lang='lat' dir='ltr'>aliquando</span> <span class='ocrx_word' id='word_1_17' title='bbox 754 365 857 448; x_wconf 73' lang='lat' dir='ltr'>tepere</span> <span class='ocrx_word' id='word_1_18' title='bbox 878 364 953 425; x_wconf 85' lang='lat' dir='ltr'>utile</span> <span class='ocrx_word' id='word_1_19' title='bbox 972 364 1041 446; x_wconf 79' lang='lat' dir='ltr'>est.)</span> 
     </span>
    </p>
   </div>
   <div class='ocr_carea' id='block_1_3' title="bbox 22 499 1171 2517">
    <p class='ocr_par' dir='ltr' id='par_1_3' title="bbox 22 499 1171 2517">
     <span class='ocr_line' id='line_1_4' title="bbox 108 499 1171 586; baseline 0.003 -24"><span class='ocrx_word' id='word_1_20' title='bbox 108 502 149 562; x_wconf 87' lang='lat' dir='ltr'>Ne</span> <span class='ocrx_word' id='word_1_21' title='bbox 180 503 212 564; x_wconf 89' lang='lat' dir='ltr'>id</span> <span class='ocrx_word' id='word_1_22' title='bbox 241 504 365 585; x_wconf 89' lang='lat' dir='ltr'>quidem</span> <span class='ocrx_word' id='word_1_23' title='bbox 393 506 502 565; x_wconf 90' lang='lat' dir='ltr'>inutile</span> <span class='ocrx_word' id='word_1_24' title='bbox 528 506 619 565; x_wconf 89' lang='lat' dir='ltr'>etiam</span> <span class='ocrx_word' id='word_1_25' title='bbox 650 513 812 585; x_wconf 91' lang='lat' dir='ltr'>corruptas</span> <span class='ocrx_word' id='word_1_26' title='bbox 837 504 1003 586; x_wconf 89' lang='lat' dir='ltr'>aliquando</span> <span class='ocrx_word' id='word_1_27' title='bbox 1033 511 1065 564; x_wconf 88' lang='lat' dir='ltr'>et</span> <span class='ocrx_word' id='word_1_28' title='bbox 1092 499 1131 563; x_wconf 76' lang='lat'>2⁰</span> <span class='ocrx_word' id='word_1_29' title='bbox 1166 556 1171 565; x_wconf 84' lang='lat'><em>.</em></span> 
     </span>
     <span class='ocr_line' id='line_1_5' title="bbox 75 598 1065 683; baseline 0.006 -29"><span class='ocrx_word' id='word_1_30' title='bbox 75 598 189 660; x_wconf 85' lang='lat' dir='ltr'>vitiosas</span> <span class='ocrx_word' id='word_1_31' title='bbox 206 601 372 676; x_wconf 88' lang='lat' dir='ltr'>orationes,</span> <span class='ocrx_word' id='word_1_32' title='bbox 390 623 465 682; x_wconf 88' lang='lat' dir='ltr'>quas</span> <span class='ocrx_word' id='word_1_33' title='bbox 482 609 585 662; x_wconf 85' lang='lat' dir='ltr'>tamen</span> <span class='ocrx_word' id='word_1_34' title='bbox 603 602 742 683; x_wconf 82' lang='lat' dir='ltr'>plerique</span> <span class='ocrx_word' id='word_1_35' title='bbox 754 601 945 681; x_wconf 89' lang='lat' dir='ltr'>judiciorum</span> <span class='ocrx_word' id='word_1_36' title='bbox 963 602 1065 682; x_wconf 88' lang='lat' dir='ltr'>pravi-</span> 
     </span>
     <span class='ocr_line' id='line_1_6' title="bbox 75 697 1066 779; baseline 0.007 -27"><span class='ocrx_word' id='word_1_37' title='bbox 75 701 127 754; x_wconf 86' lang='lat' dir='ltr'>tate</span> <span class='ocrx_word' id='word_1_38' title='bbox 145 697 308 770; x_wconf 88' lang='lat' dir='ltr'>mirantur,</span> <span class='ocrx_word' id='word_1_39' title='bbox 327 699 387 777; x_wconf 82' lang='lat' dir='ltr'>legi</span> <span class='ocrx_word' id='word_1_40' title='bbox 405 699 517 779; x_wconf 84' lang='lat' dir='ltr'>palam,</span> <span class='ocrx_word' id='word_1_41' title='bbox 536 699 719 779; x_wconf 88' lang='lat' dir='ltr'>ostendique</span> <span class='ocrx_word' id='word_1_42' title='bbox 740 699 772 760; x_wconf 92' lang='lat' dir='ltr'>in</span> <span class='ocrx_word' id='word_1_43' title='bbox 789 698 837 757; x_wconf 90' lang='lat' dir='ltr'>his</span> <span class='ocrx_word' id='word_1_44' title='bbox 858 719 950 778; x_wconf 89' lang='lat' dir='ltr'>quam</span> <span class='ocrx_word' id='word_1_45' title='bbox 968 698 1066 760; x_wconf 77' lang='lat' dir='ltr'>mults</span> 
     </span>
     <span class='ocr_line' id='line_1_7' title="bbox 75 791 1063 874; baseline 0.004 -26"><span class='ocrx_word' id='word_1_46' title='bbox 75 791 241 874; x_wconf 80' lang='lat' dir='ltr'>impropria,</span> <span class='ocrx_word' id='word_1_47' title='bbox 273 795 414 870; x_wconf 86' lang='lat' dir='ltr'>obseura,</span> <span class='ocrx_word' id='word_1_48' title='bbox 444 795 574 869; x_wconf 88' lang='lat' dir='ltr'>tumida,</span> <span class='ocrx_word' id='word_1_49' title='bbox 604 795 741 870; x_wconf 86' lang='lat' dir='ltr'>humilia,</span> <span class='ocrx_word' id='word_1_50' title='bbox 773 795 908 863; x_wconf 85' lang='lat' dir='ltr'>sordida,</span> <span class='ocrx_word' id='word_1_51' title='bbox 937 794 1063 868; x_wconf 87' lang='lat' dir='ltr'>lasciv&#39;a,</span> 
     </span>
     <span class='ocr_line' id='line_1_8' title="bbox 75 889 1063 972; baseline 0.004 -27"><span class='ocrx_word' id='word_1_52' title='bbox 75 889 237 950; x_wconf 78' lang='lat' dir='ltr'>effeminata</span> <span class='ocrx_word' id='word_1_53' title='bbox 261 892 338 966; x_wconf 89' lang='lat' dir='ltr'>sint;</span> <span class='ocrx_word' id='word_1_54' title='bbox 365 912 434 972; x_wconf 89' lang='lat' dir='ltr'>quae</span> <span class='ocrx_word' id='word_1_55' title='bbox 458 912 520 951; x_wconf 94' lang='lat' dir='ltr'>non</span> <span class='ocrx_word' id='word_1_56' title='bbox 547 892 714 952; x_wconf 77' lang='lat' dir='ltr'>laudantur</span> <span class='ocrx_word' id='word_1_57' title='bbox 739 891 832 952; x_wconf 92' lang='lat' dir='ltr'>modo</span> <span class='ocrx_word' id='word_1_58' title='bbox 856 912 873 950; x_wconf 92' lang='lat' dir='ltr'>a</span> <span class='ocrx_word' id='word_1_59' title='bbox 897 891 1063 971; x_wconf 87' lang='lat' dir='ltr'>plerisque,</span> 
     </span>
     <span class='ocr_line' id='line_1_9' title="bbox 75 984 1062 1069; baseline 0.004 -28"><span class='ocrx_word' id='word_1_60' title='bbox 75 984 128 1057; x_wconf 90' lang='lat' dir='ltr'>sed,</span> <span class='ocrx_word' id='word_1_61' title='bbox 144 987 229 1068; x_wconf 91' lang='lat' dir='ltr'>quod</span> <span class='ocrx_word' id='word_1_62' title='bbox 246 996 293 1046; x_wconf 91' lang='lat' dir='ltr'>est</span> <span class='ocrx_word' id='word_1_63' title='bbox 310 987 408 1068; x_wconf 87' lang='lat' dir='ltr'>pejus,</span> <span class='ocrx_word' id='word_1_64' title='bbox 421 996 549 1068; x_wconf 88' lang='lat' dir='ltr'>propter</span> <span class='ocrx_word' id='word_1_65' title='bbox 562 988 621 1047; x_wconf 93' lang='lat' dir='ltr'>hoe</span> <span class='ocrx_word' id='word_1_66' title='bbox 638 988 851 1069; x_wconf 66' lang='lat' dir='ltr'>ipsum-quod</span> <span class='ocrx_word' id='word_1_67' title='bbox 868 995 941 1046; x_wconf 90' lang='lat' dir='ltr'>sunt</span> <span class='ocrx_word' id='word_1_68' title='bbox 957 1007 1062 1067; x_wconf 87' lang='lat' dir='ltr'>prava,</span> 
     </span>
     <span class='ocr_line' id='line_1_10' title="bbox 75 1079 1065 1146; baseline 0.003 -8"><span class='ocrx_word' id='word_1_69' title='bbox 75 1079 237 1146; x_wconf 80' lang='lat' dir='ltr'>laudantur.</span> <span class='ocrx_word' id='word_1_70' title='bbox 255 1085 332 1143; x_wconf 88' lang='lat' dir='ltr'>Nam</span> <span class='ocrx_word' id='word_1_71' title='bbox 347 1105 448 1144; x_wconf 87' lang='lat' dir='ltr'>sermo</span> <span class='ocrx_word' id='word_1_72' title='bbox 465 1093 567 1144; x_wconf 87' lang='lat' dir='ltr'>rectus</span> <span class='ocrx_word' id='word_1_73' title='bbox 582 1093 613 1144; x_wconf 89' lang='lat' dir='ltr'>et</span> <span class='ocrx_word' id='word_1_74' title='bbox 624 1085 794 1145; x_wconf 86' lang='lat' dir='ltr'>secundum</span> <span class='ocrx_word' id='word_1_75' title='bbox 810 1092 951 1143; x_wconf 88' lang='lat' dir='ltr'>naturam</span> <span class='ocrx_word' id='word_1_76' title='bbox 966 1104 1065 1142; x_wconf 89' lang='lat' dir='ltr'>enun-</span> 
     </span>
     <span class='ocr_line' id='line_1_11' title="bbox 75 1179 1065 1260; baseline 0.005 -27"><span class='ocrx_word' id='word_1_77' title='bbox 75 1179 154 1238; x_wconf 87' lang='lat' dir='ltr'>tiatus</span> <span class='ocrx_word' id='word_1_78' title='bbox 180 1181 258 1239; x_wconf 91' lang='lat' dir='ltr'>nihil</span> <span class='ocrx_word' id='word_1_79' title='bbox 283 1181 395 1240; x_wconf 86' lang='lat' dir='ltr'>habere</span> <span class='ocrx_word' id='word_1_80' title='bbox 423 1202 461 1240; x_wconf 86' lang='lat' dir='ltr'>ex</span> <span class='ocrx_word' id='word_1_81' title='bbox 490 1181 614 1259; x_wconf 85' lang='lat' dir='ltr'>ingenio</span> <span class='ocrx_word' id='word_1_82' title='bbox 640 1181 781 1258; x_wconf 87' lang='lat' dir='ltr'>videtur;</span> <span class='ocrx_word' id='word_1_83' title='bbox 806 1181 859 1240; x_wconf 91' lang='lat' dir='ltr'>illa</span> <span class='ocrx_word' id='word_1_84' title='bbox 885 1201 970 1252; x_wconf 91' lang='lat' dir='ltr'>vero,</span> <span class='ocrx_word' id='word_1_85' title='bbox 996 1199 1065 1260; x_wconf 84' lang='lat' dir='ltr'>quae</span> 
     </span>
     <span class='ocr_line' id='line_1_12' title="bbox 75 1277 1063 1358; baseline 0.005 -29"><span class='ocrx_word' id='word_1_86' title='bbox 75 1282 230 1356; x_wconf 90' lang='lat' dir='ltr'>utcumque</span> <span class='ocrx_word' id='word_1_87' title='bbox 252 1279 371 1337; x_wconf 83' lang='lat' dir='ltr'>dellexa</span> <span class='ocrx_word' id='word_1_88' title='bbox 391 1286 474 1349; x_wconf 90' lang='lat' dir='ltr'>sunt,</span> <span class='ocrx_word' id='word_1_89' title='bbox 493 1285 649 1358; x_wconf 91' lang='lat' dir='ltr'>tamquam</span> <span class='ocrx_word' id='word_1_90' title='bbox 670 1277 869 1358; x_wconf 82' lang='lat' dir='ltr'>exquisitiora</span> <span class='ocrx_word' id='word_1_91' title='bbox 893 1277 1063 1335; x_wconf 89' lang='lat' dir='ltr'>miramur:</span> 
     </span>
     <span class='ocr_line' id='line_1_13' title="bbox 76 1372 1066 1455; baseline 0.004 -29"><span class='ocrx_word' id='word_1_92' title='bbox 76 1390 127 1429; x_wconf 93' lang='lat' dir='ltr'>non</span> <span class='ocrx_word' id='word_1_93' title='bbox 141 1373 231 1432; x_wconf 87' lang='lat' dir='ltr'>aliter</span> <span class='ocrx_word' id='word_1_94' title='bbox 249 1395 341 1454; x_wconf 89' lang='lat' dir='ltr'>quam</span> <span class='ocrx_word' id='word_1_95' title='bbox 361 1374 499 1433; x_wconf 88' lang='lat' dir='ltr'>distortis</span> <span class='ocrx_word' id='word_1_96' title='bbox 517 1383 547 1433; x_wconf 90' lang='lat' dir='ltr'>et</span> <span class='ocrx_word' id='word_1_97' title='bbox 562 1395 758 1455; x_wconf 90' lang='lat' dir='ltr'>quocumque</span> <span class='ocrx_word' id='word_1_98' title='bbox 773 1373 866 1433; x_wconf 93' lang='lat' dir='ltr'>modo</span> <span class='ocrx_word' id='word_1_99' title='bbox 880 1372 1066 1453; x_wconf 84' lang='lat' dir='ltr'>prodigiosis</span> 
     </span>
     <span class='ocr_line' id='line_1_14' title="bbox 74 1469 1067 1551; baseline 0.004 -28"><span class='ocrx_word' id='word_1_100' title='bbox 74 1470 243 1548; x_wconf 89' lang='lat' dir='ltr'>corporibus</span> <span class='ocrx_word' id='word_1_101' title='bbox 256 1471 337 1550; x_wconf 88' lang='lat' dir='ltr'>apud</span> <span class='ocrx_word' id='word_1_102' title='bbox 348 1470 497 1551; x_wconf 84' lang='lat' dir='ltr'>quasdam</span> <span class='ocrx_word' id='word_1_103' title='bbox 509 1471 608 1551; x_wconf 86' lang='lat' dir='ltr'>majus</span> <span class='ocrx_word' id='word_1_104' title='bbox 621 1478 667 1530; x_wconf 90' lang='lat' dir='ltr'>est</span> <span class='ocrx_word' id='word_1_105' title='bbox 675 1469 808 1550; x_wconf 90' lang='lat' dir='ltr'>pretium</span> <span class='ocrx_word' id='word_1_106' title='bbox 822 1491 913 1551; x_wconf 90' lang='lat' dir='ltr'>quam</span> <span class='ocrx_word' id='word_1_107' title='bbox 927 1470 986 1540; x_wconf 90' lang='lat' dir='ltr'>his,</span> <span class='ocrx_word' id='word_1_108' title='bbox 998 1490 1067 1548; x_wconf 85' lang='lat' dir='ltr'>quae</span> 
     </span>
     <span class='ocr_line' id='line_1_15' title="bbox 75 1563 1065 1647; baseline 0.006 -28"><span class='ocrx_word' id='word_1_109' title='bbox 75 1563 139 1622; x_wconf 91' lang='lat' dir='ltr'>nihil</span> <span class='ocrx_word' id='word_1_110' title='bbox 158 1588 196 1626; x_wconf 87' lang='lat' dir='ltr'>ex</span> <span class='ocrx_word' id='word_1_111' title='bbox 219 1568 376 1626; x_wconf 91' lang='lat' dir='ltr'>communi</span> <span class='ocrx_word' id='word_1_112' title='bbox 396 1567 502 1626; x_wconf 91' lang='lat' dir='ltr'>habitu</span> <span class='ocrx_word' id='word_1_113' title='bbox 523 1568 596 1628; x_wconf 93' lang='lat' dir='ltr'>boni</span> <span class='ocrx_word' id='word_1_114' title='bbox 614 1567 827 1647; x_wconf 90' lang='lat' dir='ltr'>perdiderunt.</span> <span class='ocrx_word' id='word_1_115' title='bbox 850 1569 952 1647; x_wconf 88' lang='lat' dir='ltr'>Atque</span> <span class='ocrx_word' id='word_1_116' title='bbox 974 1567 1065 1625; x_wconf 89' lang='lat' dir='ltr'>etiam</span> 
     </span>
     <span class='ocr_line' id='line_1_16' title="bbox 74 1663 1067 1743; baseline 0.003 -25"><span class='ocrx_word' id='word_1_117' title='bbox 74 1663 117 1737; x_wconf 84' lang='lat' dir='ltr'>qni</span> <span class='ocrx_word' id='word_1_118' title='bbox 134 1664 235 1742; x_wconf 87' lang='lat' dir='ltr'>specie</span> <span class='ocrx_word' id='word_1_119' title='bbox 251 1664 427 1743; x_wconf 88' lang='lat' dir='ltr'>capiuntur,</span> <span class='ocrx_word' id='word_1_120' title='bbox 444 1664 563 1723; x_wconf 89' lang='lat' dir='ltr'>inustas</span> <span class='ocrx_word' id='word_1_121' title='bbox 576 1683 679 1722; x_wconf 86' lang='lat' dir='ltr'>comas</span> <span class='ocrx_word' id='word_1_122' title='bbox 690 1684 747 1722; x_wconf 90' lang='lat' dir='ltr'>acu</span> <span class='ocrx_word' id='word_1_123' title='bbox 760 1664 953 1722; x_wconf 75' lang='lat' dir='ltr'>comentibus</span> <span class='ocrx_word' id='word_1_124' title='bbox 962 1669 993 1721; x_wconf 91' lang='lat' dir='ltr'>et</span> <span class='ocrx_word' id='word_1_125' title='bbox 1004 1683 1067 1721; x_wconf 90' lang='lat' dir='ltr'>non</span> 
     </span>
     <span class='ocr_line' id='line_1_17' title="bbox 22 1760 1067 1842; baseline 0.005 -30"><span class='ocrx_word' id='word_1_126' title='bbox 22 1827 24 1842; x_wconf 30' lang='grc' dir='ltr'>ι</span> <span class='ocrx_word' id='word_1_127' title='bbox 75 1776 121 1816; x_wconf 89' lang='lat' dir='ltr'>suo</span> <span class='ocrx_word' id='word_1_128' title='bbox 142 1761 244 1819; x_wconf 91' lang='lat' dir='ltr'>colore</span> <span class='ocrx_word' id='word_1_129' title='bbox 267 1760 373 1819; x_wconf 90' lang='lat' dir='ltr'>nitidis</span> <span class='ocrx_word' id='word_1_130' title='bbox 396 1760 465 1840; x_wconf 92' lang='lat' dir='ltr'>plus</span> <span class='ocrx_word' id='word_1_131' title='bbox 489 1781 553 1819; x_wconf 89' lang='lat' dir='ltr'>esse</span> <span class='ocrx_word' id='word_1_132' title='bbox 581 1760 687 1818; x_wconf 87' lang='lat' dir='ltr'>lormae</span> <span class='ocrx_word' id='word_1_133' title='bbox 713 1768 835 1838; x_wconf 89' lang='lat' dir='ltr'>putant,</span> <span class='ocrx_word' id='word_1_134' title='bbox 856 1780 947 1838; x_wconf 92' lang='lat' dir='ltr'>quam</span> <span class='ocrx_word' id='word_1_135' title='bbox 970 1760 1067 1838; x_wconf 85' lang='lat' dir='ltr'>possit</span> 
     </span>
     <span class='ocr_line' id='line_1_18' title="bbox 75 1855 1068 1936; baseline 0.004 -26"><span class='ocrx_word' id='word_1_136' title='bbox 75 1855 199 1916; x_wconf 87' lang='lat' dir='ltr'>tribuere</span> <span class='ocrx_word' id='word_1_137' title='bbox 215 1858 395 1936; x_wconf 91' lang='lat' dir='ltr'>incorrupta</span> <span class='ocrx_word' id='word_1_138' title='bbox 410 1865 530 1916; x_wconf 88' lang='lat' dir='ltr'>natura.</span> <span class='ocrx_word' id='word_1_139' title='bbox 547 1857 654 1936; x_wconf 83' lang='lat' dir='ltr'>Neque</span> <span class='ocrx_word' id='word_1_140' title='bbox 670 1856 769 1914; x_wconf 90' lang='lat' dir='ltr'>solum</span> <span class='ocrx_word' id='word_1_141' title='bbox 783 1855 848 1914; x_wconf 87' lang='lat' dir='ltr'>hacc</span> <span class='ocrx_word' id='word_1_142' title='bbox 863 1858 930 1935; x_wconf 85' lang='lat' dir='ltr'>ipse</span> <span class='ocrx_word' id='word_1_143' title='bbox 943 1855 1068 1914; x_wconf 88' lang='lat' dir='ltr'>debebit</span> 
     </span>
     <span class='ocr_line' id='line_1_19' title="bbox 75 1949 1066 2033; baseline 0.004 -27"><span class='ocrx_word' id='word_1_144' title='bbox 75 1949 173 2012; x_wconf 85' lang='lat' dir='ltr'>doecre</span> <span class='ocrx_word' id='word_1_145' title='bbox 195 1961 378 2033; x_wconf 90' lang='lat' dir='ltr'>praeceptor,</span> <span class='ocrx_word' id='word_1_146' title='bbox 402 1953 455 2012; x_wconf 94' lang='lat' dir='ltr'>sed</span> <span class='ocrx_word' id='word_1_147' title='bbox 471 1954 649 2033; x_wconf 88' lang='lat' dir='ltr'>frequenter</span> <span class='ocrx_word' id='word_1_148' title='bbox 669 1954 856 2031; x_wconf 85' lang='lat' dir='ltr'>interrogare</span> <span class='ocrx_word' id='word_1_149' title='bbox 874 1959 904 2010; x_wconf 92' lang='lat' dir='ltr'>et</span> <span class='ocrx_word' id='word_1_150' title='bbox 914 1951 1066 2031; x_wconf 88' lang='lat' dir='ltr'>judicium</span> 
     </span>
     <span class='ocr_line' id='line_1_20' title="bbox 78 2045 1066 2137; baseline 0.004 -35"><span class='ocrx_word' id='word_1_151' title='bbox 78 2045 292 2130; x_wconf 82' lang='lat' dir='ltr'>discipulorum</span> <span class='ocrx_word' id='word_1_152' title='bbox 320 2050 462 2130; x_wconf 86' lang='lat' dir='ltr'>experiri.</span> <span class='ocrx_word' id='word_1_153' title='bbox 491 2051 542 2108; x_wconf 88' lang='lat' dir='ltr'>Sic</span> <span class='ocrx_word' id='word_1_154' title='bbox 568 2050 764 2108; x_wconf 88' lang='lat' dir='ltr'>audientibus</span> <span class='ocrx_word' id='word_1_155' title='bbox 784 2048 930 2108; x_wconf 87' lang='lat' dir='ltr'>securitas</span> <span class='ocrx_word' id='word_1_156' title='bbox 957 2048 1066 2137; x_wconf 53' lang='lat' dir='ltr'>aberit,</span> 
     </span>
     <span class='ocr_line' id='line_1_21' title="bbox 22 2144 1068 2226; baseline 0.003 -25"><span class='ocrx_word' id='word_1_157' title='bbox 22 2145 23 2148; x_wconf 69' lang='grc'>’</span> <span class='ocrx_word' id='word_1_158' title='bbox 78 2163 125 2203; x_wconf 90' lang='lat' dir='ltr'>nec</span> <span class='ocrx_word' id='word_1_159' title='bbox 137 2168 205 2226; x_wconf 85' lang='lat' dir='ltr'>quae</span> <span class='ocrx_word' id='word_1_160' title='bbox 219 2147 362 2207; x_wconf 88' lang='lat' dir='ltr'>dicentur</span> <span class='ocrx_word' id='word_1_161' title='bbox 377 2148 566 2226; x_wconf 85' lang='lat' dir='ltr'>superfluent</span> <span class='ocrx_word' id='word_1_162' title='bbox 577 2167 676 2218; x_wconf 89' lang='lat' dir='ltr'>aures,</span> <span class='ocrx_word' id='word_1_163' title='bbox 691 2146 843 2226; x_wconf 89' lang='lat' dir='ltr'>simulque</span> <span class='ocrx_word' id='word_1_164' title='bbox 858 2145 896 2204; x_wconf 94' lang='lat' dir='ltr'>ad</span> <span class='ocrx_word' id='word_1_165' title='bbox 911 2144 942 2202; x_wconf 95' lang='lat' dir='ltr'>id</span> <span class='ocrx_word' id='word_1_166' title='bbox 958 2144 1068 2223; x_wconf 89' lang='lat' dir='ltr'>perdu-</span> 
     </span>
     <span class='ocr_line' id='line_1_22' title="bbox 74 2241 1069 2323; baseline 0.002 -27"><span class='ocrx_word' id='word_1_167' title='bbox 74 2251 182 2315; x_wconf 84' lang='lat' dir='ltr'>centur,</span> <span class='ocrx_word' id='word_1_168' title='bbox 197 2244 283 2323; x_wconf 92' lang='lat' dir='ltr'>quod</span> <span class='ocrx_word' id='word_1_169' title='bbox 302 2264 339 2302; x_wconf 84' lang='lat' dir='ltr'>ex</span> <span class='ocrx_word' id='word_1_170' title='bbox 357 2243 415 2302; x_wconf 92' lang='lat' dir='ltr'>hoc</span> <span class='ocrx_word' id='word_1_171' title='bbox 433 2244 592 2322; x_wconf 69' lang='lat' dir='ltr'>quaeritur,</span> <span class='ocrx_word' id='word_1_172' title='bbox 610 2249 645 2302; x_wconf 90' lang='lat' dir='ltr'>ut</span> <span class='ocrx_word' id='word_1_173' title='bbox 661 2243 821 2301; x_wconf 89' lang='lat' dir='ltr'>inveniant</span> <span class='ocrx_word' id='word_1_174' title='bbox 834 2241 891 2322; x_wconf 90' lang='lat' dir='ltr'>ipsi</span> <span class='ocrx_word' id='word_1_175' title='bbox 906 2249 937 2300; x_wconf 89' lang='lat' dir='ltr'>et</span> <span class='ocrx_word' id='word_1_176' title='bbox 948 2241 1069 2300; x_wconf 88' lang='lat' dir='ltr'>intelle-</span> 
     </span>
     <span class='ocr_line' id='line_1_23' title="bbox 75 2339 1069 2420; baseline 0.002 -26"><span class='ocrx_word' id='word_1_177' title='bbox 75 2346 148 2412; x_wconf 80' lang='lat' dir='ltr'>gant.</span> <span class='ocrx_word' id='word_1_178' title='bbox 180 2342 258 2400; x_wconf 92' lang='lat' dir='ltr'>Nam</span> <span class='ocrx_word' id='word_1_179' title='bbox 288 2341 363 2420; x_wconf 94' lang='lat' dir='ltr'>quid</span> <span class='ocrx_word' id='word_1_180' title='bbox 390 2339 474 2398; x_wconf 87' lang='lat' dir='ltr'>aliud</span> <span class='ocrx_word' id='word_1_181' title='bbox 497 2341 617 2418; x_wconf 81' lang='lat' dir='ltr'>agimus</span> <span class='ocrx_word' id='word_1_182' title='bbox 643 2339 783 2398; x_wconf 88' lang='lat' dir='ltr'>docendo</span> <span class='ocrx_word' id='word_1_183' title='bbox 812 2359 875 2412; x_wconf 89' lang='lat' dir='ltr'>eos,</span> <span class='ocrx_word' id='word_1_184' title='bbox 910 2358 1002 2419; x_wconf 84' lang='lat' dir='ltr'>quarn</span> <span class='ocrx_word' id='word_1_185' title='bbox 1030 2358 1069 2397; x_wconf 85' lang='lat' dir='ltr'>ne</span> 
     </span>
     <span class='ocr_line' id='line_1_24' title="bbox 77 2433 854 2517; baseline 0.009 -27"><span class='ocrx_word' id='word_1_186' title='bbox 77 2433 197 2496; x_wconf 90' lang='lat' dir='ltr'>docendi</span> <span class='ocrx_word' id='word_1_187' title='bbox 212 2458 334 2517; x_wconf 91' lang='lat' dir='ltr'>semper</span> <span class='ocrx_word' id='word_1_188' title='bbox 346 2437 432 2496; x_wconf 80' lang='lat' dir='ltr'>sint?</span> <span class='ocrx_word' id='word_1_189' title='bbox 850 2442 854 2447; x_wconf 88' lang='grc'><strong>’</strong></span> 
     </span>
    </p>
   </div>
   <div class='ocr_carea' id='block_1_4' title="bbox 76 2628 1068 2998">
    <p class='ocr_par' dir='ltr' id='par_1_4' title="bbox 79 2628 1068 2774">
     <span class='ocr_line' id='line_1_25' title="bbox 79 2628 1068 2698; baseline 0 -14"><span class='ocrx_word' id='word_1_190' title='bbox 79 2628 130 2686; x_wconf 78' lang='lat'>54.</span> <span class='ocrx_word' id='word_1_191' title='bbox 152 2633 197 2689; x_wconf 86' lang='lat' dir='ltr'>Se</span> <span class='ocrx_word' id='word_1_192' title='bbox 217 2629 337 2688; x_wconf 80' lang='lat' dir='ltr'>de‘fier</span> <span class='ocrx_word' id='word_1_193' title='bbox 355 2632 422 2687; x_wconf 89' lang='lat' dir='ltr'>des</span> <span class='ocrx_word' id='word_1_194' title='bbox 441 2629 629 2688; x_wconf 81' lang='lat' dir='ltr'>e&#39;crtvatns</span> <span class='ocrx_word' id='word_1_195' title='bbox 648 2631 732 2698; x_wconf 87' lang='lat' dir='ltr'>trop</span> <span class='ocrx_word' id='word_1_196' title='bbox 753 2629 905 2686; x_wconf 74' lang='lat' dir='ltr'>enciens</span> <span class='ocrx_word' id='word_1_197' title='bbox 920 2641 966 2684; x_wconf 90' lang='lat' dir='ltr'>ou</span> <span class='ocrx_word' id='word_1_198' title='bbox 983 2628 1068 2697; x_wconf 85' lang='lat' dir='ltr'>trop</span> 
     </span>
     <span class='ocr_line' id='line_1_26' title="bbox 464 2720 671 2774; baseline 0 -1"><span class='ocrx_word' id='word_1_199' title='bbox 464 2720 671 2774; x_wconf 85' lang='lat' dir='ltr'>modernes.</span> 
     </span>
    </p>

    <p class='ocr_par' dir='ltr' id='par_1_5' title="bbox 76 2818 1068 2998">
     <span class='ocr_line' id='line_1_27' title="bbox 76 2818 1068 2903; baseline -0.002 -23"><span class='ocrx_word' id='word_1_200' title='bbox 76 2819 183 2898; x_wconf 75' lang='lat' dir='ltr'>(Nesis</span> <span class='ocrx_word' id='word_1_201' title='bbox 200 2822 316 2883; x_wconf 78' lang='lat' dir='ltr'>nimius</span> <span class='ocrx_word' id='word_1_202' title='bbox 332 2830 396 2883; x_wconf 88' lang='lat' dir='ltr'>tum</span> <span class='ocrx_word' id='word_1_203' title='bbox 406 2821 597 2903; x_wconf 81' lang='lat' dir='ltr'>priscorum,</span> <span class='ocrx_word' id='word_1_204' title='bbox 616 2830 681 2881; x_wconf 91' lang='lat' dir='ltr'>tum</span> <span class='ocrx_word' id='word_1_205' title='bbox 696 2818 866 2881; x_wconf 82' lang='lat' dir='ltr'>recentium</span> <span class='ocrx_word' id='word_1_206' title='bbox 881 2818 1068 2902; x_wconf 78' lang='lat' dir='ltr'>scriptorum</span> 
     </span>
     <span class='ocr_line' id='line_1_28' title="bbox 468 2918 666 2998; baseline -0.015 -18"><span class='ocrx_word' id='word_1_207' title='bbox 468 2918 666 2998; x_wconf 78' lang='lat' dir='ltr'>admirator.)</span> 
     </span>
    </p>
   </div>
   <div class='ocr_carea' id='block_1_5' title="bbox 75 3049 1134 3809">
    <p class='ocr_par' dir='ltr' id='par_1_6' title="bbox 75 3049 1182 3809">
     <span class='ocr_line' id='line_1_29' title="bbox 110 3049 1134 3131; baseline -0.002 -22"><span class='ocrx_word' id='word_1_208' title='bbox 110 3051 178 3112; x_wconf 92' lang='lat' dir='ltr'>Duo</span> <span class='ocrx_word' id='word_1_209' title='bbox 191 3060 292 3112; x_wconf 88' lang='lat' dir='ltr'>autem</span> <span class='ocrx_word' id='word_1_210' title='bbox 307 3073 419 3131; x_wconf 83' lang='lat' dir='ltr'>genera</span> <span class='ocrx_word' id='word_1_211' title='bbox 432 3051 561 3110; x_wconf 83' lang='lat' dir='ltr'>maxime</span> <span class='ocrx_word' id='word_1_212' title='bbox 574 3051 710 3110; x_wconf 90' lang='lat' dir='ltr'>cavenda</span> <span class='ocrx_word' id='word_1_213' title='bbox 722 3049 825 3130; x_wconf 90' lang='lat' dir='ltr'>pueris</span> <span class='ocrx_word' id='word_1_214' title='bbox 840 3055 916 3129; x_wconf 88' lang='lat' dir='ltr'>puto</span> <span class='ocrx_word' id='word_1_215' title='bbox 933 3067 940 3109; x_wconf 92' lang='lat'>:</span> <span class='ocrx_word' id='word_1_216' title='bbox 955 3070 1062 3122; x_wconf 93' lang='lat' dir='ltr'>unum,</span> <span class='ocrx_word' id='word_1_217' title='bbox 1079 3074 1134 3129; x_wconf 85' lang='lat' dir='ltr'>Rb.</span> 
     </span>
     <span class='ocr_line' id='line_1_30' title="bbox 77 3146 1065 3229; baseline 0.001 -26"><span class='ocrx_word' id='word_1_218' title='bbox 77 3167 107 3204; x_wconf 91' lang='lat' dir='ltr'>ne</span> <span class='ocrx_word' id='word_1_219' title='bbox 122 3149 191 3228; x_wconf 92' lang='lat' dir='ltr'>quis</span> <span class='ocrx_word' id='word_1_220' title='bbox 208 3170 260 3208; x_wconf 87' lang='lat' dir='ltr'>eos</span> <span class='ocrx_word' id='word_1_221' title='bbox 278 3149 471 3229; x_wconf 85' lang='lat' dir='ltr'>antiquitatis</span> <span class='ocrx_word' id='word_1_222' title='bbox 492 3149 605 3207; x_wconf 91' lang='lat' dir='ltr'>nimius</span> <span class='ocrx_word' id='word_1_223' title='bbox 625 3147 793 3206; x_wconf 87' lang='lat' dir='ltr'>admirator</span> <span class='ocrx_word' id='word_1_224' title='bbox 809 3147 839 3204; x_wconf 95' lang='lat' dir='ltr'>in</span> <span class='ocrx_word' id='word_1_225' title='bbox 855 3146 1065 3206; x_wconf 88' lang='lat' dir='ltr'>Gracchorum</span> 
     </span>
     <span class='ocr_line' id='line_1_31' title="bbox 77 3229 1064 3326; baseline 0.002 -26"><span class='ocrx_word' id='word_1_226' title='bbox 77 3229 254 3326; x_wconf 87' lang='lat' dir='ltr'>Catonisque</span> <span class='ocrx_word' id='word_1_227' title='bbox 274 3253 306 3305; x_wconf 90' lang='lat' dir='ltr'>et</span> <span class='ocrx_word' id='word_1_228' title='bbox 323 3246 453 3306; x_wconf 89' lang='lat' dir='ltr'>aliorum</span> <span class='ocrx_word' id='word_1_229' title='bbox 471 3245 617 3304; x_wconf 89' lang='lat' dir='ltr'>similium</span> <span class='ocrx_word' id='word_1_230' title='bbox 639 3244 770 3303; x_wconf 89' lang='lat' dir='ltr'>lectione</span> <span class='ocrx_word' id='word_1_231' title='bbox 794 3244 955 3314; x_wconf 89' lang='lat' dir='ltr'>durescere</span> <span class='ocrx_word' id='word_1_232' title='bbox 975 3243 1064 3318; x_wconf 89' lang='lat' dir='ltr'>velit;</span> 
     </span>
     <span class='ocr_line' id='line_1_32' title="bbox 76 3339 1068 3422; baseline 0.004 -27"><span class='ocrx_word' id='word_1_233' title='bbox 76 3339 141 3399; x_wconf 91' lang='lat' dir='ltr'>fient</span> <span class='ocrx_word' id='word_1_234' title='bbox 167 3344 247 3402; x_wconf 89' lang='lat' dir='ltr'>enim</span> <span class='ocrx_word' id='word_1_235' title='bbox 271 3343 388 3402; x_wconf 91' lang='lat' dir='ltr'>horridi</span> <span class='ocrx_word' id='word_1_236' title='bbox 408 3349 500 3422; x_wconf 89' lang='lat' dir='ltr'>atque</span> <span class='ocrx_word' id='word_1_237' title='bbox 520 3341 637 3422; x_wconf 87' lang='lat' dir='ltr'>jejuni;</span> <span class='ocrx_word' id='word_1_238' title='bbox 661 3362 730 3400; x_wconf 86' lang='lat' dir='ltr'>narn</span> <span class='ocrx_word' id='word_1_239' title='bbox 752 3361 851 3420; x_wconf 87' lang='lat' dir='ltr'>neque</span> <span class='ocrx_word' id='word_1_240' title='bbox 872 3339 935 3398; x_wconf 92' lang='lat' dir='ltr'>vim</span> <span class='ocrx_word' id='word_1_241' title='bbox 961 3360 1068 3400; x_wconf 92' lang='lat' dir='ltr'>eorum</span> 
     </span>
     <span class='ocr_line' id='line_1_33' title="bbox 77 3436 1069 3520; baseline 0.003 -29"><span class='ocrx_word' id='word_1_242' title='bbox 77 3437 171 3498; x_wconf 89' lang='lat' dir='ltr'>adhue</span> <span class='ocrx_word' id='word_1_243' title='bbox 187 3439 345 3499; x_wconf 89' lang='lat' dir='ltr'>intellectu</span> <span class='ocrx_word' id='word_1_244' title='bbox 357 3447 595 3520; x_wconf 82' lang='lat' dir='ltr'>consequentur,</span> <span class='ocrx_word' id='word_1_245' title='bbox 609 3445 640 3496; x_wconf 90' lang='lat' dir='ltr'>et</span> <span class='ocrx_word' id='word_1_246' title='bbox 649 3438 834 3508; x_wconf 86' lang='lat' dir='ltr'>elocutione,</span> <span class='ocrx_word' id='word_1_247' title='bbox 848 3457 915 3516; x_wconf 85' lang='lat' dir='ltr'>quae</span> <span class='ocrx_word' id='word_1_248' title='bbox 927 3443 992 3494; x_wconf 94' lang='lat' dir='ltr'>tum</span> <span class='ocrx_word' id='word_1_249' title='bbox 1003 3436 1069 3494; x_wconf 88' lang='lat' dir='ltr'>sine</span> 
     </span>
     <span class='ocr_line' id='line_1_34' title="bbox 76 3533 1070 3616; baseline 0 -27"><span class='ocrx_word' id='word_1_250' title='bbox 76 3533 166 3596; x_wconf 92' lang='lat' dir='ltr'>dubio</span> <span class='ocrx_word' id='word_1_251' title='bbox 181 3543 245 3595; x_wconf 88' lang='lat' dir='ltr'>erat</span> <span class='ocrx_word' id='word_1_252' title='bbox 259 3537 375 3616; x_wconf 90' lang='lat' dir='ltr'>optima</span> <span class='ocrx_word' id='word_1_253' title='bbox 394 3537 447 3595; x_wconf 93' lang='lat' dir='ltr'>sed</span> <span class='ocrx_word' id='word_1_254' title='bbox 469 3535 582 3594; x_wconf 87' lang='lat' dir='ltr'>nostris</span> <span class='ocrx_word' id='word_1_255' title='bbox 602 3535 791 3614; x_wconf 87' lang='lat' dir='ltr'>temporibus</span> <span class='ocrx_word' id='word_1_256' title='bbox 805 3533 902 3592; x_wconf 89' lang='lat' dir='ltr'>aliena</span> <span class='ocrx_word' id='word_1_257' title='bbox 920 3539 977 3605; x_wconf 89' lang='lat' dir='ltr'>est,</span> <span class='ocrx_word' id='word_1_258' title='bbox 997 3553 1070 3591; x_wconf 92' lang='lat' dir='ltr'>con·</span> 
     </span>
     <span class='ocr_line' id='line_1_35' title="bbox 78 3628 1070 3712; baseline 0.001 -27"><span class='ocrx_word' id='word_1_259' title='bbox 78 3632 160 3704; x_wconf 91' lang='lat' dir='ltr'>tenti,</span> <span class='ocrx_word' id='word_1_260' title='bbox 183 3633 265 3712; x_wconf 92' lang='lat' dir='ltr'>quod</span> <span class='ocrx_word' id='word_1_261' title='bbox 283 3641 330 3693; x_wconf 91' lang='lat' dir='ltr'>est</span> <span class='ocrx_word' id='word_1_262' title='bbox 346 3633 526 3712; x_wconf 89' lang='lat' dir='ltr'>pessimum,</span> <span class='ocrx_word' id='word_1_263' title='bbox 545 3632 658 3691; x_wconf 88' lang='lat' dir='ltr'>similes</span> <span class='ocrx_word' id='word_1_264' title='bbox 676 3632 735 3690; x_wconf 92' lang='lat' dir='ltr'>sibi</span> <span class='ocrx_word' id='word_1_265' title='bbox 751 3631 870 3708; x_wconf 84' lang='lat' dir='ltr'>magnis</span> <span class='ocrx_word' id='word_1_266' title='bbox 889 3630 963 3688; x_wconf 89' lang='lat' dir='ltr'>viris</span> <span class='ocrx_word' id='word_1_267' title='bbox 985 3628 1070 3687; x_wconf 89' lang='lat' dir='ltr'>vide-</span> 
     </span>
     <span class='ocr_line' id='line_1_36' title="bbox 75 3725 1071 3809; baseline 0.002 -28"><span class='ocrx_word' id='word_1_268' title='bbox 75 3725 194 3790; x_wconf 90' lang='lat' dir='ltr'>buntur.</span> <span class='ocrx_word' id='word_1_269' title='bbox 218 3730 368 3802; x_wconf 83' lang='lat' dir='ltr'>Alterum,</span> <span class='ocrx_word' id='word_1_270' title='bbox 396 3730 480 3809; x_wconf 92' lang='lat' dir='ltr'>quod</span> <span class='ocrx_word' id='word_1_271' title='bbox 505 3729 576 3788; x_wconf 89' lang='lat' dir='ltr'>huic</span> <span class='ocrx_word' id='word_1_272' title='bbox 609 3728 764 3788; x_wconf 89' lang='lat' dir='ltr'>diversum</span> <span class='ocrx_word' id='word_1_273' title='bbox 792 3735 847 3800; x_wconf 89' lang='lat' dir='ltr'>est,</span> <span class='ocrx_word' id='word_1_274' title='bbox 873 3747 910 3785; x_wconf 86' lang='lat' dir='ltr'>ne</span> <span class='ocrx_word' id='word_1_275' title='bbox 941 3725 1071 3785; x_wconf 86' lang='lat' dir='ltr'>recentis</span> 
     </span>
    </p>
   </div>
   <div class='ocr_carea' id='block_1_6' title="bbox 496 3915 636 3966">
    <p class='ocr_par' dir='ltr' id='par_1_7' title="bbox 496 3915 636 3966">
     <span class='ocr_line' id='line_1_37' title="bbox 496 3915 636 3966; baseline 0 -10"><span class='ocrx_word' id='word_1_276' title='bbox 496 3915 636 3966; x_wconf 76' lang='lat'><strong>...37-</strong></span> 
     </span>
    </p>
   </div>
   <div class='ocr_carea' id='block_1_7' title="bbox 0 0 1344 4252">
    <p class='ocr_par' dir='ltr' id='par_1_8' title="bbox 0 0 1344 4252">
     <span class='ocr_line' id='line_1_38' title="bbox 0 0 1344 4252; baseline 0 0"><span class='ocrx_word' id='word_1_277' title='bbox 0 0 1344 4252; x_wconf 95' lang='lat' dir='ltr'> </span> 
     </span>
    </p>
   </div>
  </div>
 </body>
</html>
