2656 4258
253 225 333 281 106.
354 227 404 282 De
424 225 568 294 l’esprit
587 226 631 280 de
651 225 923 282 conversation.

97 417 100 424 ι
146 345 317 426 (Quomodo
343 346 467 407 amoeni
487 347 520 406 in
541 345 736 407 sermonibus
758 368 822 407 esse
838 345 1021 428 possimus.)

126 503 184 571 Qui
199 505 268 564 vult
280 526 419 565 amoenus
430 527 495 564 esse
511 505 680 579 consultor,
696 526 730 564 ea
744 505 913 583 interrogat
929 525 997 585 quae
1013 510 1085 563 sunt
1112 503 1156 568 2⁸

89 600 275 679 interrogato
290 602 391 660 facilia
404 623 564 681 responsu,
577 608 607 660 et
622 623 691 682 quae
707 602 765 661 scit
780 602 866 660 illum
882 602 988 661 sedula
999 622 1085 660 exer-

89 697 232 756 citatione
254 699 408 758 didicisse.
432 698 555 758 Gaudet
576 699 658 757 enim
677 699 816 779 quisquis
840 705 1028 778 provocatur
1048 697 1086 755 ad

89 793 259 854 doctrinam
277 816 362 854 suam
377 796 408 854 in
426 795 561 872 medium
575 795 787 875 proterendam
805 813 812 854 :
830 794 901 874 quia
915 815 1004 852 nemo
1020 793 1088 851 vult

5 969 6 972 Ἴ
89 890 180 950 latere
195 891 278 971 quod
301 892 419 964 didicit,
435 893 566 950 maxime
584 892 609 950 si
625 892 762 964 scientia,
778 911 868 970 quam
887 891 990 948 labore
1006 910 1088 968 quae-
1152 928 1155 938 ι

5 1035 7 1048 ;
90 987 170 1060 sivit,
192 1009 262 1046 cum
283 989 389 1068 paucis
411 987 455 1046 illi
478 988 635 1046 familiaris
653 994 683 1046 et
702 987 842 1067 plurimis
863 987 902 1044 sit
918 986 1086 1063 incognita.

5 1077 7 1148 l
90 1083 204 1142 Contra
226 1105 345 1162 magnae
360 1085 572 1144 amaritudinis
592 1092 648 1157 est,
666 1085 691 1142 si
710 1104 813 1142 coram
836 1083 940 1141 multis
955 1083 1089 1162 aliquem

5 1185 6 1232 l
89 1180 258 1258 interroges
280 1182 363 1260 quod
389 1201 452 1239 non
473 1181 593 1260 optima
616 1179 743 1239 scientia
767 1179 911 1259 quaesivit
934 1198 940 1240 :
968 1179 1091 1256 cogitur

89 1277 169 1334 onim
192 1284 245 1336 aut
264 1298 374 1354 negare
394 1299 426 1336 se
446 1278 535 1348 scire,
555 1283 608 1336 aut
627 1277 812 1355 respondere
836 1283 962 1349 temere,
978 1282 1009 1334 et
1028 1275 1091 1333 lor-

5 1385 7 1420 l
90 1373 168 1431 tuito
186 1394 217 1431 se
235 1375 359 1432 eventui
380 1374 446 1432 veri
470 1373 578 1432 falsive
601 1374 805 1432 committere.
829 1374 957 1431 Necnon
978 1379 1009 1430 et
1037 1372 1090 1451 qni

5 1473 6 1502 ³
89 1471 233 1538 obierunt
255 1471 349 1529 meria
368 1478 399 1529 et
417 1479 515 1530 terras
539 1470 676 1547 gaudent
696 1491 766 1529 curn
792 1471 828 1528 de
850 1470 958 1547 ignoto
982 1468 1091 1526 multis

5 1573 6 1582 ’
88 1566 137 1624 vel
153 1573 302 1625 terrarum
315 1569 377 1626 situ
390 1568 439 1626 vel
452 1567 521 1625 sinu
537 1567 629 1625 maris
639 1567 879 1644 interrogantur,
898 1565 1091 1644 libenterque

5 1645 6 1688 ἶ
88 1664 288 1742 respondent.
310 1663 391 1730 Quid
414 1664 518 1736 duces
536 1663 584 1721 vel
605 1653 742 1722 milites?
756 1663 853 1729 Quum
873 1663 995 1721 sortiter
1020 1683 1036 1720 a
1060 1682 1091 1718 se

88 1761 170 1818 lacta
181 1780 302 1839 semper
311 1760 492 1832 dicturiunt,
507 1767 538 1818 et
553 1768 655 1818 tamen
670 1767 774 1818 tacent
788 1759 971 1835 arrogantiae
985 1764 1069 1816 metu
1083 1760 1089 1815 l

89 1857 201 1914 Nonne
223 1857 265 1929 hi,
289 1857 314 1915 si
335 1865 369 1916 ut
390 1857 455 1914 hacc
478 1855 611 1915 referant
635 1857 817 1927 invitentur,
839 1855 1011 1914 mercedem
1034 1853 1092 1912 sibi

88 1953 204 2011 laboris
227 1953 414 2024 existimant,
440 1953 520 2010 inter
541 1952 680 2011 volentes
702 1972 825 2012 narrare
844 1972 913 2031 quae
936 1951 1090 2009 fecerint?

88 2048 231 2107 Pericula
246 2068 369 2128 quoque
385 2049 539 2128 praeterita
552 2049 601 2106 vel
619 2069 770 2107 aerumnas
790 2048 913 2127 penitus
931 2047 1090 2106 absolutas

5 2179 6 2190 κ
86 2145 141 2224 qui
165 2145 273 2217 evasit,
302 2153 337 2204 ut
364 2146 475 2204 reserat
504 2145 677 2222 gratissime
702 2151 900 2223 provocatur.
929 2144 1006 2202 Nam
1037 2144 1090 2222 qui

5 2265 7 2308 ς
87 2241 194 2301 adhuc
217 2241 248 2298 in
270 2241 343 2320 ipsis
367 2242 416 2299 vel
442 2241 602 2321 paululum
628 2239 793 2313 detinetur,
819 2241 926 2299 horret
953 2239 1093 2298 admoni-

5 2363 7 2400 τ
85 2339 224 2409 tionem,
241 2344 273 2395 et
289 2332 435 2396 formidet
451 2337 592 2396 relatum.
611 2336 645 2394 ld
663 2337 738 2396 adeo
752 2337 903 2416 expressit
917 2344 1008 2415 poeta
1026 2355 1031 2395 :

6 2419 7 2428 ἵ
243 2433 357 2492 Forsan
380 2419 496 2492 ethaeo
518 2433 591 2491 olim
614 2434 788 2492 meminisse
807 2424 940 2513 juvabit.

125 2529 315 2608 Adjiciendo
329 2529 415 2601 olim,
428 2530 501 2609 quid
515 2531 572 2587 nisi
587 2537 657 2609 post
669 2551 792 2589 emensa
804 2530 973 2588 infortunia
989 2530 1095 2588 futuro

86 2635 236 2705 tempore
249 2627 358 2705 juvare
374 2626 449 2685 dicit
464 2625 642 2685 memoriam
658 2627 753 2686 sedati
770 2626 908 2686 laboris?

354 2891 434 2948 107.
455 2893 505 2948 De
524 2893 564 2946 le
582 2891 836 2959 plelsanterie.
891 2857 893 2862 ¹

429 3012 485 3092 (De
508 3012 581 3072 ludo
598 3013 761 3094 jocoque.)

124 3193 202 3246 Non
218 3187 260 3248 ita
276 3189 413 3266 generati
430 3198 568 3247 enatura
584 3197 753 3260 sumus-ut
766 3189 803 3247 ad
821 3188 927 3246 ludum
946 3196 977 3247 et
988 3189 1094 3268 jocum
1121 3207 1164 3271 3⁹

83 3285 163 3344 lacti
185 3304 250 3342 esse
267 3285 436 3358 videamur,
457 3285 495 3343 ad
508 3285 703 3345 severitatem
725 3287 827 3365 potius
843 3286 925 3344 etad
944 3285 1094 3365 quaedam

82 3382 196 3440 studia
211 3382 350 3458 graviora
367 3390 459 3462 atque
474 3382 601 3461 majora.
619 3383 706 3440 Ludo
720 3390 821 3440 autem
840 3389 871 3440 ot
885 3382 957 3461 joco
975 3383 1020 3441 uti
1042 3383 1094 3442 illo

82 3478 219 3558 quidem
242 3478 322 3550 licet,
346 3478 398 3536 sed
423 3479 503 3537 sicut
521 3500 629 3538 somno
654 3487 684 3537 et
706 3479 860 3558 quietibus
883 3480 1004 3551 ceteris
1027 3488 1094 3539 tum

5 3561 6 3584 l
81 3596 162 3634 cum
185 3573 329 3652 gravibus
350 3576 497 3656 seriisque
520 3576 610 3634 rebus
632 3576 706 3635 satis
728 3576 901 3634 fecerimus
927 3578 1093 3657 Ipsumque

78 3691 192 3750 genus
205 3671 331 3750 jocandi
350 3693 412 3730 non
429 3673 591 3752 profusum
611 3693 666 3732 nec
689 3672 918 3746 immodestum,
936 3674 990 3732 sed
1009 3675 1099 3751 inge-*s

80 3787 192 3828 nuum
212 3775 244 3826 et
262 3767 393 3826 facetum
413 3789 478 3827 esse
498 3769 599 3828 debet.
624 3768 664 3827 Ut
680 3769 760 3827 enim
775 3770 878 3848 pueris
892 3791 954 3828 non
969 3790 1089 3829 omnem

527 3929 682 4008 zia-¹
