<?xml version="1.0" encoding="UTF-8"?>
<!DOCTYPE html PUBLIC "-//W3C//DTD XHTML 1.0 Transitional//EN"
    "http://www.w3.org/TR/xhtml1/DTD/xhtml1-transitional.dtd">
<html xmlns="http://www.w3.org/1999/xhtml" xml:lang="en" lang="en">
 <head>
  <title>
</title>
<meta http-equiv="Content-Type" content="text/html;charset=utf-8" />
  <meta name='ocr-system' content='tesseract 3.04.00' />
  <meta name='ocr-capabilities' content='ocr_page ocr_carea ocr_par ocr_line ocrx_word'/>
</head>
<body>
  <div class='ocr_page' id='page_1' title='image "./depublicaprivat00arnagoog_0256.png"; bbox 0 0 2678 4250; ppageno 0'>
   <div class='ocr_carea' id='block_1_1' title="bbox 223 140 942 348">
    <p class='ocr_par' dir='ltr' id='par_1_1' title="bbox 223 140 942 348">
     <span class='ocr_line' id='line_1_1' title="bbox 233 140 942 212; baseline -0.003 -12"><span class='ocrx_word' id='word_1_1' title='bbox 233 140 316 200; x_wconf 85' lang='grc'><strong>281.</strong></span> <span class='ocrx_word' id='word_1_2' title='bbox 336 144 406 200; x_wconf 86' lang='lat' dir='ltr'>Les</span> <span class='ocrx_word' id='word_1_3' title='bbox 424 141 552 212; x_wconf 71' lang='lat' dir='ltr'>huoux</span> <span class='ocrx_word' id='word_1_4' title='bbox 570 143 675 199; x_wconf 83' lang='lat' dir='ltr'>d’une</span> <span class='ocrx_word' id='word_1_5' title='bbox 694 140 942 211; x_wconf 78' lang='lat' dir='ltr'>imperatrice.</span> 
     </span>
     <span class='ocr_line' id='line_1_2' title="bbox 223 256 892 348; baseline 0.003 -24"><span class='ocrx_word' id='word_1_6' title='bbox 223 256 227 262; x_wconf 64' lang='grc'>’</span> <span class='ocrx_word' id='word_1_7' title='bbox 293 263 352 345; x_wconf 84' lang='lat' dir='ltr'>(De</span> <span class='ocrx_word' id='word_1_8' title='bbox 371 263 493 324; x_wconf 83' lang='lat' dir='ltr'>Lolliae</span> <span class='ocrx_word' id='word_1_9' title='bbox 514 263 668 326; x_wconf 75' lang='lat' dir='ltr'><em>Paulinae</em></span> <span class='ocrx_word' id='word_1_10' title='bbox 689 263 892 348; x_wconf 70' lang='lat' dir='ltr'>smaragdis)</span> 
     </span>
    </p>
   </div>
   <div class='ocr_carea' id='block_1_2' title="bbox 3 447 1159 1398">
    <p class='ocr_par' dir='ltr' id='par_1_2' title="bbox 3 447 1159 1398">
     <span class='ocr_line' id='line_1_3' title="bbox 130 447 1159 530; baseline 0.004 -24"><span class='ocrx_word' id='word_1_11' title='bbox 130 447 259 508; x_wconf 89' lang='lat' dir='ltr'>Lolliam</span> <span class='ocrx_word' id='word_1_12' title='bbox 276 449 448 524; x_wconf 78' lang='lat' dir='ltr'>Paulinam,</span> <span class='ocrx_word' id='word_1_13' title='bbox 468 469 537 530; x_wconf 78' lang='lat' dir='ltr'>quae</span> <span class='ocrx_word' id='word_1_14' title='bbox 556 448 616 508; x_wconf 87' lang='lat' dir='ltr'>luit</span> <span class='ocrx_word' id='word_1_15' title='bbox 635 449 705 511; x_wconf 90' lang='lat' dir='ltr'>Gaii</span> <span class='ocrx_word' id='word_1_16' title='bbox 718 449 868 530; x_wconf 88' lang='lat' dir='ltr'>principis</span> <span class='ocrx_word' id='word_1_17' title='bbox 882 455 1035 526; x_wconf 88' lang='lat' dir='ltr'>matrona,</span> <span class='ocrx_word' id='word_1_18' title='bbox 1053 471 1091 510; x_wconf 89' lang='lat' dir='ltr'>ne</span> <span class='ocrx_word' id='word_1_19' title='bbox 1118 460 1159 523; x_wconf 69' lang='grc' dir='ltr'>3θ</span> 
     </span>
     <span class='ocr_line' id='line_1_4' title="bbox 90 545 1089 627; baseline 0.004 -25"><span class='ocrx_word' id='word_1_20' title='bbox 90 545 172 604; x_wconf 90' lang='lat' dir='ltr'>serio</span> <span class='ocrx_word' id='word_1_21' title='bbox 190 545 313 624; x_wconf 92' lang='lat' dir='ltr'>quidem</span> <span class='ocrx_word' id='word_1_22' title='bbox 326 552 379 604; x_wconf 90' lang='lat' dir='ltr'>aut</span> <span class='ocrx_word' id='word_1_23' title='bbox 394 545 535 604; x_wconf 88' lang='lat' dir='ltr'>sollemni</span> <span class='ocrx_word' id='word_1_24' title='bbox 550 545 796 606; x_wconf 77' lang='lat' dir='ltr'>caerimoniarum</span> <span class='ocrx_word' id='word_1_25' title='bbox 812 546 915 627; x_wconf 88' lang='lat' dir='ltr'>aliquo</span> <span class='ocrx_word' id='word_1_26' title='bbox 928 554 1089 626; x_wconf 91' lang='lat' dir='ltr'>apparatu,</span> 
     </span>
     <span class='ocr_line' id='line_1_5' title="bbox 3 641 1091 722; baseline 0.005 -24"><span class='ocrx_word' id='word_1_27' title='bbox 3 699 4 708; x_wconf 58' lang='grc'>,</span> <span class='ocrx_word' id='word_1_28' title='bbox 88 641 144 699; x_wconf 91' lang='lat' dir='ltr'>sed</span> <span class='ocrx_word' id='word_1_29' title='bbox 174 641 376 700; x_wconf 82' lang='lat' dir='ltr'>mediocrium</span> <span class='ocrx_word' id='word_1_30' title='bbox 404 642 496 704; x_wconf 74' lang='lat' dir='ltr'>etiam</span> <span class='ocrx_word' id='word_1_31' title='bbox 523 641 712 721; x_wconf 88' lang='lat' dir='ltr'>sponsalium</span> <span class='ocrx_word' id='word_1_32' title='bbox 740 662 826 716; x_wconf 88' lang='lat' dir='ltr'>cena,</span> <span class='ocrx_word' id='word_1_33' title='bbox 843 643 907 702; x_wconf 91' lang='lat' dir='ltr'>vidi</span> <span class='ocrx_word' id='word_1_34' title='bbox 923 644 1091 722; x_wconf 89' lang='lat' dir='ltr'>smaragdis</span> 
     </span>
     <span class='ocr_line' id='line_1_6' title="bbox 3 731 1090 819; baseline 0.004 -24"><span class='ocrx_word' id='word_1_35' title='bbox 3 731 4 736; x_wconf 8' lang='grc' dir='ltr'>ἵ</span> <span class='ocrx_word' id='word_1_36' title='bbox 88 738 325 819; x_wconf 77' lang='lat' dir='ltr'>margaritisque</span> <span class='ocrx_word' id='word_1_37' title='bbox 351 745 500 819; x_wconf 89' lang='lat' dir='ltr'>opertam,</span> <span class='ocrx_word' id='word_1_38' title='bbox 534 738 654 798; x_wconf 90' lang='lat' dir='ltr'>alterno</span> <span class='ocrx_word' id='word_1_39' title='bbox 685 746 772 798; x_wconf 85' lang='lat' dir='ltr'>textu</span> <span class='ocrx_word' id='word_1_40' title='bbox 806 739 996 818; x_wconf 82' lang='lat' dir='ltr'>fulgentibus</span> <span class='ocrx_word' id='word_1_41' title='bbox 1024 747 1090 799; x_wconf 90' lang='lat' dir='ltr'>toto</span> 
     </span>
     <span class='ocr_line' id='line_1_7' title="bbox 87 835 1091 916; baseline 0.001 -23"><span class='ocrx_word' id='word_1_42' title='bbox 87 835 202 914; x_wconf 88' lang='lat' dir='ltr'>capite,</span> <span class='ocrx_word' id='word_1_43' title='bbox 226 835 373 908; x_wconf 87' lang='lat' dir='ltr'>crinibus,</span> <span class='ocrx_word' id='word_1_44' title='bbox 399 836 491 915; x_wconf 90' lang='lat' dir='ltr'>spira,</span> <span class='ocrx_word' id='word_1_45' title='bbox 521 835 657 904; x_wconf 89' lang='lat' dir='ltr'>auribus,</span> <span class='ocrx_word' id='word_1_46' title='bbox 687 836 778 908; x_wconf 89' lang='lat' dir='ltr'>collo,</span> <span class='ocrx_word' id='word_1_47' title='bbox 808 836 985 912; x_wconf 92' lang='lat' dir='ltr'>monilibus,</span> <span class='ocrx_word' id='word_1_48' title='bbox 1012 837 1091 916; x_wconf 87' lang='lat' dir='ltr'>digi-</span> 
     </span>
     <span class='ocr_line' id='line_1_8' title="bbox 88 932 1088 1013; baseline 0.004 -25"><span class='ocrx_word' id='word_1_49' title='bbox 88 932 220 1010; x_wconf 74' lang='lat' dir='ltr'>tisquei</span> <span class='ocrx_word' id='word_1_50' title='bbox 248 950 318 1011; x_wconf 83' lang='lat' dir='ltr'>quae</span> <span class='ocrx_word' id='word_1_51' title='bbox 345 953 464 992; x_wconf 92' lang='lat' dir='ltr'>summa</span> <span class='ocrx_word' id='word_1_52' title='bbox 488 933 740 1013; x_wconf 80' lang='lat' dir='ltr'>quadringenties</span> <span class='ocrx_word' id='word_1_53' title='bbox 765 934 887 993; x_wconf 91' lang='lat' dir='ltr'>H—S</span> <span class='ocrx_word' id='word_1_54' title='bbox 915 934 1088 1012; x_wconf 81' lang='lat' dir='ltr'>colligebat,</span> 
     </span>
     <span class='ocr_line' id='line_1_9' title="bbox 86 1028 1088 1113; baseline 0.006 -27"><span class='ocrx_word' id='word_1_55' title='bbox 86 1029 156 1107; x_wconf 91' lang='lat' dir='ltr'>ipsa</span> <span class='ocrx_word' id='word_1_56' title='bbox 184 1028 347 1087; x_wconf 85' lang='lat' dir='ltr'>confestim</span> <span class='ocrx_word' id='word_1_57' title='bbox 377 1036 484 1109; x_wconf 89' lang='lat' dir='ltr'>parata</span> <span class='ocrx_word' id='word_1_58' title='bbox 518 1029 778 1113; x_wconf 87' lang='lat' dir='ltr'>mancipationem</span> <span class='ocrx_word' id='word_1_59' title='bbox 805 1031 918 1090; x_wconf 86' lang='lat' dir='ltr'>tabulis</span> <span class='ocrx_word' id='word_1_60' title='bbox 948 1031 1088 1111; x_wconf 73' lang='lat' dir='ltr'>probare,</span> 
     </span>
     <span class='ocr_line' id='line_1_10' title="bbox 88 1125 1090 1208; baseline 0.005 -25"><span class='ocrx_word' id='word_1_61' title='bbox 88 1125 154 1184; x_wconf 90' lang='lat' dir='ltr'>Nec</span> <span class='ocrx_word' id='word_1_62' title='bbox 169 1125 250 1184; x_wconf 85' lang='lat' dir='ltr'>dona</span> <span class='ocrx_word' id='word_1_63' title='bbox 272 1126 395 1205; x_wconf 80' lang='lat' dir='ltr'>prodigi</span> <span class='ocrx_word' id='word_1_64' title='bbox 414 1126 563 1207; x_wconf 91' lang='lat' dir='ltr'>principis</span> <span class='ocrx_word' id='word_1_65' title='bbox 582 1126 715 1197; x_wconf 87' lang='lat' dir='ltr'>fuerant,</span> <span class='ocrx_word' id='word_1_66' title='bbox 735 1127 789 1186; x_wconf 91' lang='lat' dir='ltr'>sed</span> <span class='ocrx_word' id='word_1_67' title='bbox 810 1129 901 1188; x_wconf 81' lang='lat' dir='ltr'>avitae</span> <span class='ocrx_word' id='word_1_68' title='bbox 920 1148 1005 1207; x_wconf 89' lang='lat' dir='ltr'>opes,</span> <span class='ocrx_word' id='word_1_69' title='bbox 1021 1149 1090 1208; x_wconf 91' lang='lat' dir='ltr'>pro·</span> 
     </span>
     <span class='ocr_line' id='line_1_11' title="bbox 86 1220 1087 1303; baseline 0.008 -26"><span class='ocrx_word' id='word_1_70' title='bbox 86 1221 258 1281; x_wconf 88' lang='lat' dir='ltr'>vinciarum</span> <span class='ocrx_word' id='word_1_71' title='bbox 273 1220 390 1282; x_wconf 89' lang='lat' dir='ltr'>scilicet</span> <span class='ocrx_word' id='word_1_72' title='bbox 403 1222 510 1302; x_wconf 88' lang='lat' dir='ltr'>spoliis</span> <span class='ocrx_word' id='word_1_73' title='bbox 520 1229 627 1303; x_wconf 88' lang='lat' dir='ltr'>partae.</span> <span class='ocrx_word' id='word_1_74' title='bbox 645 1223 704 1282; x_wconf 90' lang='lat' dir='ltr'>Hic</span> <span class='ocrx_word' id='word_1_75' title='bbox 719 1231 766 1282; x_wconf 91' lang='lat' dir='ltr'>est</span> <span class='ocrx_word' id='word_1_76' title='bbox 780 1224 956 1302; x_wconf 89' lang='lat' dir='ltr'>rapinarum</span> <span class='ocrx_word' id='word_1_77' title='bbox 969 1225 1087 1285; x_wconf 87' lang='lat' dir='ltr'>exitus:</span> 
     </span>
     <span class='ocr_line' id='line_1_12' title="bbox 86 1317 1089 1398; baseline 0.004 -22"><span class='ocrx_word' id='word_1_78' title='bbox 86 1317 149 1376; x_wconf 89' lang='lat' dir='ltr'>boc</span> <span class='ocrx_word' id='word_1_79' title='bbox 163 1317 222 1377; x_wconf 86' lang='lat' dir='ltr'>fuit</span> <span class='ocrx_word' id='word_1_80' title='bbox 241 1339 336 1398; x_wconf 88' lang='lat' dir='ltr'>quare</span> <span class='ocrx_word' id='word_1_81' title='bbox 355 1319 399 1379; x_wconf 93' lang='lat' dir='ltr'>M.</span> <span class='ocrx_word' id='word_1_82' title='bbox 420 1319 535 1378; x_wconf 89' lang='lat' dir='ltr'>Lollius</span> <span class='ocrx_word' id='word_1_83' title='bbox 549 1319 716 1378; x_wconf 86' lang='lat' dir='ltr'>infamatus</span> <span class='ocrx_word' id='word_1_84' title='bbox 736 1340 842 1398; x_wconf 91' lang='lat' dir='ltr'>regum</span> <span class='ocrx_word' id='word_1_85' title='bbox 865 1321 1043 1380; x_wconf 90' lang='lat' dir='ltr'>muneribus</span> <span class='ocrx_word' id='word_1_86' title='bbox 1058 1322 1089 1380; x_wconf 92' lang='lat' dir='ltr'>in</span> 
     </span>
    </p>
   </div>
   <div class='ocr_carea' id='block_1_3' title="bbox 82 1414 1172 2077">
    <p class='ocr_par' dir='ltr' id='par_1_3' title="bbox 83 1414 1090 1594">
     <span class='ocr_line' id='line_1_13' title="bbox 84 1414 1090 1496; baseline 0.005 -24"><span class='ocrx_word' id='word_1_87' title='bbox 84 1421 155 1472; x_wconf 85' lang='lat' dir='ltr'>toto</span> <span class='ocrx_word' id='word_1_88' title='bbox 173 1414 309 1486; x_wconf 88' lang='lat' dir='ltr'>Oriente,</span> <span class='ocrx_word' id='word_1_89' title='bbox 331 1415 494 1475; x_wconf 89' lang='lat' dir='ltr'>interdicta</span> <span class='ocrx_word' id='word_1_90' title='bbox 511 1415 646 1476; x_wconf 89' lang='lat' dir='ltr'>amicitia</span> <span class='ocrx_word' id='word_1_91' title='bbox 666 1437 682 1475; x_wconf 91' lang='lat' dir='ltr'>a</span> <span class='ocrx_word' id='word_1_92' title='bbox 701 1415 781 1476; x_wconf 92' lang='lat' dir='ltr'>Gaio</span> <span class='ocrx_word' id='word_1_93' title='bbox 800 1417 933 1491; x_wconf 84' lang='lat' dir='ltr'>Caesare,</span> <span class='ocrx_word' id='word_1_94' title='bbox 958 1420 1090 1496; x_wconf 83' lang='lat' dir='ltr'>Augusti</span> 
     </span>
     <span class='ocr_line' id='line_1_14' title="bbox 83 1511 1090 1594; baseline 0.008 -26"><span class='ocrx_word' id='word_1_95' title='bbox 83 1511 162 1583; x_wconf 88' lang='lat' dir='ltr'>filio,</span> <span class='ocrx_word' id='word_1_96' title='bbox 190 1532 343 1570; x_wconf 88' lang='lat' dir='ltr'>venenum</span> <span class='ocrx_word' id='word_1_97' title='bbox 377 1512 508 1585; x_wconf 88' lang='lat' dir='ltr'>biberet,</span> <span class='ocrx_word' id='word_1_98' title='bbox 533 1521 568 1572; x_wconf 89' lang='lat' dir='ltr'>ut</span> <span class='ocrx_word' id='word_1_99' title='bbox 600 1513 702 1592; x_wconf 88' lang='lat' dir='ltr'>neptis</span> <span class='ocrx_word' id='word_1_100' title='bbox 737 1513 803 1594; x_wconf 90' lang='lat' dir='ltr'>ejus</span> <span class='ocrx_word' id='word_1_101' title='bbox 839 1514 1090 1594; x_wconf 89' lang='lat' dir='ltr'>quadringenties</span> 
     </span>
    </p>

    <p class='ocr_par' dir='ltr' id='par_1_4' title="bbox 82 1608 1172 2077">
     <span class='ocr_line' id='line_1_15' title="bbox 85 1608 1090 1690; baseline 0.005 -24"><span class='ocrx_word' id='word_1_102' title='bbox 85 1608 114 1665; x_wconf 94' lang='lat' dir='ltr'><em>H</em></span> <span class='ocrx_word' id='word_1_103' title='bbox 133 1608 209 1666; x_wconf 83' lang='lat' dir='ltr'>-S</span> <span class='ocrx_word' id='word_1_104' title='bbox 228 1615 335 1687; x_wconf 90' lang='lat' dir='ltr'>operta</span> <span class='ocrx_word' id='word_1_105' title='bbox 357 1616 548 1689; x_wconf 87' lang='lat' dir='ltr'>spectaretur</span> <span class='ocrx_word' id='word_1_106' title='bbox 571 1609 610 1668; x_wconf 94' lang='lat' dir='ltr'>ad</span> <span class='ocrx_word' id='word_1_107' title='bbox 637 1609 790 1669; x_wconf 89' lang='lat' dir='ltr'>lucernas.</span> <span class='ocrx_word' id='word_1_108' title='bbox 819 1610 986 1690; x_wconf 89' lang='lat' dir='ltr'>Computet</span> <span class='ocrx_word' id='word_1_109' title='bbox 1008 1630 1090 1672; x_wconf 87' lang='lat' dir='ltr'>nunc</span> 
     </span>
     <span class='ocr_line' id='line_1_16' title="bbox 83 1691 1090 1787; baseline 0.002 -25"><span class='ocrx_word' id='word_1_110' title='bbox 83 1704 209 1784; x_wconf 90' lang='lat' dir='ltr'>aliquis,</span> <span class='ocrx_word' id='word_1_111' title='bbox 227 1725 264 1762; x_wconf 86' lang='lat' dir='ltr'>ex</span> <span class='ocrx_word' id='word_1_112' title='bbox 283 1705 378 1764; x_wconf 88' lang='lat' dir='ltr'>altera</span> <span class='ocrx_word' id='word_1_113' title='bbox 396 1712 494 1786; x_wconf 89' lang='lat' dir='ltr'>parte,</span> <span class='ocrx_word' id='word_1_114' title='bbox 512 1691 662 1787; x_wconf 84' lang='lat' dir='ltr'>quantuni</span> <span class='ocrx_word' id='word_1_115' title='bbox 680 1707 792 1766; x_wconf 87' lang='lat' dir='ltr'>Curius</span> <span class='ocrx_word' id='word_1_116' title='bbox 810 1714 864 1767; x_wconf 91' lang='lat' dir='ltr'>aut</span> <span class='ocrx_word' id='word_1_117' title='bbox 885 1707 1043 1768; x_wconf 88' lang='lat' dir='ltr'>Fabricius</span> <span class='ocrx_word' id='word_1_118' title='bbox 1057 1709 1090 1768; x_wconf 91' lang='lat' dir='ltr'>in</span> 
     </span>
     <span class='ocr_line' id='line_1_17' title="bbox 82 1795 1172 1880; baseline 0.005 -21"><span class='ocrx_word' id='word_1_119' title='bbox 82 1800 252 1880; x_wconf 90' lang='lat' dir='ltr'>triumphis</span> <span class='ocrx_word' id='word_1_120' title='bbox 267 1802 405 1874; x_wconf 85' lang='lat' dir='ltr'>tulerint,</span> <span class='ocrx_word' id='word_1_121' title='bbox 418 1802 604 1880; x_wconf 86' lang='lat' dir='ltr'>imaginetur</span> <span class='ocrx_word' id='word_1_122' title='bbox 617 1802 741 1863; x_wconf 89' lang='lat' dir='ltr'>illorum</span> <span class='ocrx_word' id='word_1_123' title='bbox 757 1803 884 1876; x_wconf 79' lang='lat' dir='ltr'>fercula,</span> <span class='ocrx_word' id='word_1_124' title='bbox 898 1811 929 1864; x_wconf 91' lang='lat' dir='ltr'>et</span> <span class='ocrx_word' id='word_1_125' title='bbox 946 1825 983 1863; x_wconf 86' lang='lat' dir='ltr'>ex</span> <span class='ocrx_word' id='word_1_126' title='bbox 994 1805 1089 1865; x_wconf 89' lang='lat' dir='ltr'>altera</span> <span class='ocrx_word' id='word_1_127' title='bbox 1101 1859 1105 1876; x_wconf 62' lang='grc'>.,</span> <span class='ocrx_word' id='word_1_128' title='bbox 1149 1795 1156 1818; x_wconf 57' lang='lat'><em>³</em></span> <span class='ocrx_word' id='word_1_129' title='bbox 1170 1812 1172 1818; x_wconf 86' lang='lat'>&#39;</span> 
     </span>
     <span class='ocr_line' id='line_1_18' title="bbox 82 1897 1086 1980; baseline 0.005 -24"><span class='ocrx_word' id='word_1_130' title='bbox 82 1904 175 1977; x_wconf 86' lang='lat' dir='ltr'>parte</span> <span class='ocrx_word' id='word_1_131' title='bbox 197 1897 336 1974; x_wconf 85' lang='lat' dir='ltr'>Lolliam,</span> <span class='ocrx_word' id='word_1_132' title='bbox 365 1920 458 1958; x_wconf 91' lang='lat' dir='ltr'>unam</span> <span class='ocrx_word' id='word_1_133' title='bbox 478 1900 602 1980; x_wconf 89' lang='lat' dir='ltr'>imperii</span> <span class='ocrx_word' id='word_1_134' title='bbox 625 1899 837 1959; x_wconf 87' lang='lat' dir='ltr'>mulierculam</span> <span class='ocrx_word' id='word_1_135' title='bbox 861 1901 1086 1962; x_wconf 89' lang='lat' dir='ltr'>accubantem:</span> 
     </span>
     <span class='ocr_line' id='line_1_19' title="bbox 83 1993 1006 2077; baseline 0.005 -24"><span class='ocrx_word' id='word_1_136' title='bbox 83 2015 151 2054; x_wconf 92' lang='lat' dir='ltr'>non</span> <span class='ocrx_word' id='word_1_137' title='bbox 165 1993 234 2054; x_wconf 90' lang='lat' dir='ltr'>illos</span> <span class='ocrx_word' id='word_1_138' title='bbox 247 2015 340 2054; x_wconf 89' lang='lat' dir='ltr'>curru</span> <span class='ocrx_word' id='word_1_139' title='bbox 356 1995 522 2069; x_wconf 89' lang='lat' dir='ltr'>detractos,</span> <span class='ocrx_word' id='word_1_140' title='bbox 539 2016 632 2077; x_wconf 90' lang='lat' dir='ltr'>quam</span> <span class='ocrx_word' id='word_1_141' title='bbox 647 1996 680 2056; x_wconf 91' lang='lat' dir='ltr'>in</span> <span class='ocrx_word' id='word_1_142' title='bbox 695 1997 755 2056; x_wconf 91' lang='lat' dir='ltr'>hoc</span> <span class='ocrx_word' id='word_1_143' title='bbox 772 1997 881 2056; x_wconf 89' lang='lat' dir='ltr'>vicisse</span> <span class='ocrx_word' id='word_1_144' title='bbox 895 1997 1006 2059; x_wconf 86' lang='lat' dir='ltr'>malit?</span> 
     </span>
    </p>
   </div>
   <div class='ocr_carea' id='block_1_4' title="bbox 343 2305 834 2380">
    <p class='ocr_par' dir='ltr' id='par_1_5' title="bbox 343 2305 834 2380">
     <span class='ocr_line' id='line_1_20' title="bbox 343 2305 834 2380; baseline 0.004 -17"><span class='ocrx_word' id='word_1_145' title='bbox 343 2305 429 2364; x_wconf 85' lang='grc'><strong>282.</strong></span> <span class='ocrx_word' id='word_1_146' title='bbox 449 2308 520 2365; x_wconf 87' lang='lat' dir='ltr'>Sur</span> <span class='ocrx_word' id='word_1_147' title='bbox 537 2307 692 2365; x_wconf 84' lang='lat' dir='ltr'>l’amhre</span> <span class='ocrx_word' id='word_1_148' title='bbox 708 2307 834 2380; x_wconf 77' lang='lat' dir='ltr'>jaune.</span> 
     </span>
    </p>
   </div>
   <div class='ocr_carea' id='block_1_5' title="bbox 480 2428 695 2512">
    <p class='ocr_par' dir='ltr' id='par_1_6' title="bbox 480 2428 695 2512">
     <span class='ocr_line' id='line_1_21' title="bbox 480 2428 695 2512; baseline 0.005 -23"><span class='ocrx_word' id='word_1_149' title='bbox 480 2428 538 2511; x_wconf 88' lang='lat' dir='ltr'>(De</span> <span class='ocrx_word' id='word_1_150' title='bbox 559 2428 695 2512; x_wconf 79' lang='lat' dir='ltr'>sucino.)</span> 
     </span>
    </p>
   </div>
   <div class='ocr_carea' id='block_1_6' title="bbox 78 2587 1152 2985">
    <p class='ocr_par' dir='ltr' id='par_1_7' title="bbox 78 2587 1152 2985">
     <span class='ocr_line' id='line_1_22' title="bbox 123 2587 1152 2688; baseline 0.005 -14"><span class='ocrx_word' id='word_1_151' title='bbox 123 2613 305 2674; x_wconf 86' lang='lat' dir='ltr'>Proximum</span> <span class='ocrx_word' id='word_1_152' title='bbox 326 2614 429 2674; x_wconf 90' lang='lat' dir='ltr'>locum</span> <span class='ocrx_word' id='word_1_153' title='bbox 450 2587 632 2688; x_wconf 49' lang='lat' dir='ltr'>in⁰deliciis‚</span> <span class='ocrx_word' id='word_1_154' title='bbox 656 2605 845 2675; x_wconf 86' lang='lat' dir='ltr'>feminarum</span> <span class='ocrx_word' id='word_1_155' title='bbox 862 2624 964 2677; x_wconf 88' lang='lat' dir='ltr'>tamen</span> <span class='ocrx_word' id='word_1_156' title='bbox 983 2618 1084 2679; x_wconf 90' lang='lat' dir='ltr'>adhuc</span> <span class='ocrx_word' id='word_1_157' title='bbox 1097 2629 1152 2686; x_wconf 77' lang='lat' dir='ltr'>Rh,</span> 
     </span>
     <span class='ocr_line' id='line_1_23' title="bbox 78 2711 1085 2793; baseline 0.005 -23"><span class='ocrx_word' id='word_1_158' title='bbox 78 2717 217 2784; x_wconf 87' lang='lat' dir='ltr'>tantum,</span> <span class='ocrx_word' id='word_1_159' title='bbox 255 2711 363 2772; x_wconf 86' lang='lat' dir='ltr'>sucina</span> <span class='ocrx_word' id='word_1_160' title='bbox 399 2711 553 2785; x_wconf 89' lang='lat' dir='ltr'>obtinent,</span> <span class='ocrx_word' id='word_1_161' title='bbox 589 2712 790 2793; x_wconf 89' lang='lat' dir='ltr'>eamdemque</span> <span class='ocrx_word' id='word_1_162' title='bbox 832 2734 923 2793; x_wconf 89' lang='lat' dir='ltr'>quam</span> <span class='ocrx_word' id='word_1_163' title='bbox 957 2735 1085 2793; x_wconf 89' lang='lat' dir='ltr'>gemmae</span> 
     </span>
     <span class='ocr_line' id='line_1_24' title="bbox 78 2807 1092 2890; baseline 0.004 -24"><span class='ocrx_word' id='word_1_164' title='bbox 78 2808 316 2868; x_wconf 82' lang='lat' dir='ltr'>auctoritatem..</span> <span class='ocrx_word' id='word_1_165' title='bbox 327 2807 454 2868; x_wconf 89' lang='lat' dir='ltr'>Certum</span> <span class='ocrx_word' id='word_1_166' title='bbox 468 2815 514 2868; x_wconf 90' lang='lat' dir='ltr'>est</span> <span class='ocrx_word' id='word_1_167' title='bbox 527 2809 668 2868; x_wconf 86' lang='lat' dir='ltr'>sucinum</span> <span class='ocrx_word' id='word_1_168' title='bbox 684 2809 768 2887; x_wconf 87' lang='lat' dir='ltr'>gigni</span> <span class='ocrx_word' id='word_1_169' title='bbox 783 2810 815 2868; x_wconf 93' lang='lat' dir='ltr'>in</span> <span class='ocrx_word' id='word_1_170' title='bbox 830 2810 939 2869; x_wconf 90' lang='lat' dir='ltr'>insulis</span> <span class='ocrx_word' id='word_1_171' title='bbox 955 2819 1092 2890; x_wconf 42' lang='lat' dir='ltr'>septem&gt;</span> 
     </span>
     <span class='ocr_line' id='line_1_25' title="bbox 78 2903 1092 2985; baseline 0.006 -23"><span class='ocrx_word' id='word_1_172' title='bbox 78 2903 223 2963; x_wconf 89' lang='lat' dir='ltr'>trionalis</span> <span class='ocrx_word' id='word_1_173' title='bbox 241 2903 355 2963; x_wconf 90' lang='lat' dir='ltr'>Oceani</span> <span class='ocrx_word' id='word_1_174' title='bbox 374 2911 406 2963; x_wconf 92' lang='lat' dir='ltr'>et</span> <span class='ocrx_word' id='word_1_175' title='bbox 424 2925 442 2964; x_wconf 93' lang='lat' dir='ltr'>a</span> <span class='ocrx_word' id='word_1_176' title='bbox 462 2904 624 2965; x_wconf 87' lang='lat' dir='ltr'>Germanis</span> <span class='ocrx_word' id='word_1_177' title='bbox 644 2905 792 2985; x_wconf 88' lang='lat' dir='ltr'>appellari</span> <span class='ocrx_word' id='word_1_178' title='bbox 812 2906 957 2984; x_wconf 88' lang='lat' dir='ltr'>glessum.</span> <span class='ocrx_word' id='word_1_179' title='bbox 981 2909 1092 2970; x_wconf 68' lang='lat' dir='ltr'>Nasci.</span> 
     </span>
    </p>
   </div>
   <div class='ocr_carea' id='block_1_7' title="bbox 3 3000 1089 3762">
    <p class='ocr_par' dir='ltr' id='par_1_8' title="bbox 3 3000 1089 3762">
     <span class='ocr_line' id='line_1_26' title="bbox 78 3000 1088 3082; baseline 0.005 -23"><span class='ocrx_word' id='word_1_180' title='bbox 78 3009 135 3060; x_wconf 88' lang='lat' dir='ltr'>tur</span> <span class='ocrx_word' id='word_1_181' title='bbox 157 3009 259 3060; x_wconf 88' lang='lat' dir='ltr'>autem</span> <span class='ocrx_word' id='word_1_182' title='bbox 282 3000 436 3060; x_wconf 87' lang='lat' dir='ltr'>defluente</span> <span class='ocrx_word' id='word_1_183' title='bbox 455 3000 589 3060; x_wconf 86' lang='lat' dir='ltr'>medulla</span> <span class='ocrx_word' id='word_1_184' title='bbox 612 3002 695 3080; x_wconf 88' lang='lat' dir='ltr'>pinei</span> <span class='ocrx_word' id='word_1_185' title='bbox 719 3003 839 3082; x_wconf 90' lang='lat' dir='ltr'>generis</span> <span class='ocrx_word' id='word_1_186' title='bbox 861 3005 1031 3078; x_wconf 90' lang='lat' dir='ltr'>arboribus,</span> <span class='ocrx_word' id='word_1_187' title='bbox 1053 3013 1088 3064; x_wconf 91' lang='lat' dir='ltr'>ut</span> 
     </span>
     <span class='ocr_line' id='line_1_27' title="bbox 3 3087 1087 3180; baseline 0.004 -25"><span class='ocrx_word' id='word_1_188' title='bbox 3 3087 4 3138; x_wconf 68' lang='grc' dir='ltr'>Ῐ</span> <span class='ocrx_word' id='word_1_189' title='bbox 78 3097 201 3176; x_wconf 88' lang='lat' dir='ltr'>gummi</span> <span class='ocrx_word' id='word_1_190' title='bbox 229 3097 261 3155; x_wconf 92' lang='lat' dir='ltr'>in</span> <span class='ocrx_word' id='word_1_191' title='bbox 283 3098 404 3169; x_wconf 75' lang='lat' dir='ltr'>cerasiS,</span> <span class='ocrx_word' id='word_1_192' title='bbox 435 3098 535 3156; x_wconf 87' lang='lat' dir='ltr'>resina</span> <span class='ocrx_word' id='word_1_193' title='bbox 559 3099 650 3178; x_wconf 78' lang='lat' dir='ltr'>pinis</span> <span class='ocrx_word' id='word_1_194' title='bbox 678 3099 821 3180; x_wconf 89' lang='lat' dir='ltr'>Erumpit</span> <span class='ocrx_word' id='word_1_195' title='bbox 849 3101 965 3160; x_wconf 87' lang='lat' dir='ltr'>umoris</span> <span class='ocrx_word' id='word_1_196' title='bbox 992 3087 1087 3162; x_wconf 79' lang='lat' dir='ltr'>aliun-</span> 
     </span>
     <span class='ocr_line' id='line_1_28' title="bbox 77 3192 1086 3276; baseline 0.006 -24"><span class='ocrx_word' id='word_1_197' title='bbox 77 3192 214 3254; x_wconf 90' lang='lat' dir='ltr'>dantia:</span> <span class='ocrx_word' id='word_1_198' title='bbox 249 3193 397 3253; x_wconf 89' lang='lat' dir='ltr'>densatur</span> <span class='ocrx_word' id='word_1_199' title='bbox 430 3195 531 3273; x_wconf 82' lang='lat' dir='ltr'>rigore</span> <span class='ocrx_word' id='word_1_200' title='bbox 565 3195 615 3254; x_wconf 89' lang='lat' dir='ltr'>vel</span> <span class='ocrx_word' id='word_1_201' title='bbox 649 3204 756 3276; x_wconf 89' lang='lat' dir='ltr'>tepore</span> <span class='ocrx_word' id='word_1_202' title='bbox 791 3198 973 3258; x_wconf 89' lang='lat' dir='ltr'>autumnali.</span> <span class='ocrx_word' id='word_1_203' title='bbox 1008 3199 1086 3260; x_wconf 91' lang='lat' dir='ltr'>Cum</span> 
     </span>
     <span class='ocr_line' id='line_1_29' title="bbox 3 3291 1088 3376; baseline 0.002 -24"><span class='ocrx_word' id='word_1_204' title='bbox 3 3303 4 3352; x_wconf 66' lang='grc' dir='ltr'>ζ</span> <span class='ocrx_word' id='word_1_205' title='bbox 81 3291 297 3349; x_wconf 88' lang='lat' dir='ltr'>intumescens</span> <span class='ocrx_word' id='word_1_206' title='bbox 312 3297 404 3350; x_wconf 85' lang='lat' dir='ltr'>aestus</span> <span class='ocrx_word' id='word_1_207' title='bbox 424 3292 528 3371; x_wconf 90' lang='lat' dir='ltr'>rapuit</span> <span class='ocrx_word' id='word_1_208' title='bbox 543 3312 580 3354; x_wconf 82' lang='lat' dir='ltr'>ex</span> <span class='ocrx_word' id='word_1_209' title='bbox 596 3293 716 3368; x_wconf 89' lang='lat' dir='ltr'>insulis,</span> <span class='ocrx_word' id='word_1_210' title='bbox 734 3301 816 3354; x_wconf 90' lang='lat' dir='ltr'>certe</span> <span class='ocrx_word' id='word_1_211' title='bbox 835 3295 969 3354; x_wconf 90' lang='lat' dir='ltr'>inlitora</span> <span class='ocrx_word' id='word_1_212' title='bbox 986 3297 1088 3376; x_wconf 87' lang='lat' dir='ltr'>expel-</span> 
     </span>
     <span class='ocr_line' id='line_1_30' title="bbox 3 3379 1087 3471; baseline 0.006 -26"><span class='ocrx_word' id='word_1_213' title='bbox 3 3379 4 3453; x_wconf 62' lang='lat'><em>}</em></span> <span class='ocrx_word' id='word_1_214' title='bbox 77 3388 172 3458; x_wconf 90' lang='lat' dir='ltr'>litur,</span> <span class='ocrx_word' id='word_1_215' title='bbox 187 3386 231 3446; x_wconf 88' lang='lat' dir='ltr'>ita</span> <span class='ocrx_word' id='word_1_216' title='bbox 249 3386 385 3446; x_wconf 90' lang='lat' dir='ltr'>volubile</span> <span class='ocrx_word' id='word_1_217' title='bbox 405 3395 440 3448; x_wconf 88' lang='lat' dir='ltr'>ut</span> <span class='ocrx_word' id='word_1_218' title='bbox 455 3389 589 3467; x_wconf 89' lang='lat' dir='ltr'>pendere</span> <span class='ocrx_word' id='word_1_219' title='bbox 607 3390 751 3450; x_wconf 86' lang='lat' dir='ltr'>videatur</span> <span class='ocrx_word' id='word_1_220' title='bbox 772 3399 864 3471; x_wconf 89' lang='lat' dir='ltr'>atque</span> <span class='ocrx_word' id='word_1_221' title='bbox 881 3393 1087 3454; x_wconf 74' lang='lat' dir='ltr'>considerem</span> 
     </span>
     <span class='ocr_line' id='line_1_31' title="bbox 3 3482 1088 3569; baseline 0.01 -29"><span class='ocrx_word' id='word_1_222' title='bbox 3 3499 5 3558; x_wconf 60' lang='grc' dir='ltr'>ξ</span> <span class='ocrx_word' id='word_1_223' title='bbox 77 3483 167 3542; x_wconf 90' lang='lat' dir='ltr'>vado</span> <span class='ocrx_word' id='word_1_224' title='bbox 184 3502 192 3543; x_wconf 92' lang='lat'><strong>:</strong></span> <span class='ocrx_word' id='word_1_225' title='bbox 216 3482 298 3563; x_wconf 91' lang='lat' dir='ltr'>quod</span> <span class='ocrx_word' id='word_1_226' title='bbox 314 3484 432 3543; x_wconf 87' lang='lat' dir='ltr'>arboris</span> <span class='ocrx_word' id='word_1_227' title='bbox 445 3506 552 3545; x_wconf 90' lang='lat' dir='ltr'>sucum</span> <span class='ocrx_word' id='word_1_228' title='bbox 568 3507 633 3546; x_wconf 90' lang='lat' dir='ltr'>esse</span> <span class='ocrx_word' id='word_1_229' title='bbox 644 3488 736 3569; x_wconf 92' lang='lat' dir='ltr'>prisci</span> <span class='ocrx_word' id='word_1_230' title='bbox 751 3489 849 3547; x_wconf 91' lang='lat' dir='ltr'>nostri</span> <span class='ocrx_word' id='word_1_231' title='bbox 863 3489 1032 3563; x_wconf 88' lang='lat' dir='ltr'>credidere,</span> <span class='ocrx_word' id='word_1_232' title='bbox 1048 3491 1088 3551; x_wconf 94' lang='lat' dir='ltr'>ob</span> 
     </span>
     <span class='ocr_line' id='line_1_32' title="bbox 76 3579 1089 3668; baseline 0.007 -29"><span class='ocrx_word' id='word_1_233' title='bbox 76 3580 113 3640; x_wconf 91' lang='lat' dir='ltr'>id</span> <span class='ocrx_word' id='word_1_234' title='bbox 133 3579 279 3639; x_wconf 89' lang='lat' dir='ltr'>sucinum</span> <span class='ocrx_word' id='word_1_235' title='bbox 298 3582 499 3662; x_wconf 88' lang='lat' dir='ltr'>appellantes.</span> <span class='ocrx_word' id='word_1_236' title='bbox 521 3582 641 3644; x_wconf 89' lang='lat' dir='ltr'>Genera</span> <span class='ocrx_word' id='word_1_237' title='bbox 659 3585 725 3664; x_wconf 86' lang='lat' dir='ltr'>ejus</span> <span class='ocrx_word' id='word_1_238' title='bbox 746 3585 834 3666; x_wconf 83' lang='lat' dir='ltr'>plura</span> <span class='ocrx_word' id='word_1_239' title='bbox 851 3604 858 3646; x_wconf 91' lang='lat'>:</span> <span class='ocrx_word' id='word_1_240' title='bbox 875 3585 968 3646; x_wconf 88' lang='lat' dir='ltr'>fulvis</span> <span class='ocrx_word' id='word_1_241' title='bbox 989 3588 1089 3668; x_wconf 83' lang='lat' dir='ltr'>major</span> 
     </span>
     <span class='ocr_line' id='line_1_33' title="bbox 76 3677 1084 3762; baseline 0.009 -24"><span class='ocrx_word' id='word_1_242' title='bbox 76 3677 266 3738; x_wconf 88' lang='lat' dir='ltr'>auctoritas.</span> <span class='ocrx_word' id='word_1_243' title='bbox 300 3677 345 3736; x_wconf 83' lang='lat' dir='ltr'>Ex</span> <span class='ocrx_word' id='word_1_244' title='bbox 375 3678 413 3737; x_wconf 85' lang='lat' dir='ltr'>iis</span> <span class='ocrx_word' id='word_1_245' title='bbox 441 3679 616 3740; x_wconf 86' lang='lat' dir='ltr'>etiamnunc</span> <span class='ocrx_word' id='word_1_246' title='bbox 648 3681 780 3762; x_wconf 88' lang='lat' dir='ltr'>amplior</span> <span class='ocrx_word' id='word_1_247' title='bbox 815 3683 1084 3748; x_wconf 79' lang='lat' dir='ltr'>translucentibus.</span> 
     </span>
    </p>
   </div>
   <div class='ocr_carea' id='block_1_8' title="bbox 509 3886 666 3938">
    <p class='ocr_par' dir='ltr' id='par_1_9' title="bbox 509 3886 666 3938">
     <span class='ocr_line' id='line_1_34' title="bbox 509 3886 666 3938; baseline 0.019 -2"><span class='ocrx_word' id='word_1_248' title='bbox 509 3886 666 3938; x_wconf 75' lang='lat'>—191‘—</span> 
     </span>
    </p>
   </div>
   <div class='ocr_carea' id='block_1_9' title="bbox 0 0 1344 4250">
    <p class='ocr_par' dir='ltr' id='par_1_10' title="bbox 0 0 1344 4250">
     <span class='ocr_line' id='line_1_35' title="bbox 0 0 1344 4250; baseline 0 5"><span class='ocrx_word' id='word_1_249' title='bbox 0 0 1344 4250; x_wconf 95' lang='lat' dir='ltr'> </span> 
     </span>
    </p>
   </div>
  </div>
 </body>
</html>
