2682 4258
332 181 467 227 LETTRES.
489 203 528 213 ··
550 191 693 231 SCIENCES.
716 207 752 218 ·-
776 195 918 237 SAVANTS.
942 209 982 220 -
1003 199 1196 242 PHILOSOPHES

416 629 502 688 412.
521 631 705 690 Blenfaits
723 635 767 690 de
786 633 826 691 la
846 633 906 692 vie
926 634 1099 695 civilisee.

381 793 475 876 (Quot
498 801 529 857 et
540 803 659 879 quanta
667 805 806 881 praestet
820 800 934 862 cultior
946 800 1026 862 vitoe
1043 803 1140 884 usus.)

196 1173 236 1240 2⁸
300 1184 399 1244 Urbes
407 1204 481 1242 vero
492 1184 558 1243 sine
571 1185 731 1243 hominum
744 1192 835 1244 coetu
848 1205 910 1247 non
926 1185 1101 1264 potuissent
1113 1204 1171 1242 nec
1182 1184 1271 1242 aedi-

258 1282 344 1342 ficari
362 1301 418 1341 nec
436 1281 625 1362 frequentari
645 1301 652 1342 :
669 1302 706 1341 ex
723 1303 785 1362 quo
805 1282 887 1360 leges
909 1302 1071 1361 moresque
1087 1282 1268 1340 constituti.

258 1379 340 1448 Quas
370 1399 418 1438 res
444 1386 476 1438 et
503 1379 707 1438 mansuetudo
732 1379 904 1438 animorum
932 1386 1097 1437 consecuta
1123 1385 1155 1436 et
1178 1399 1269 1438 vere-

257 1475 371 1536 cundia
397 1483 456 1536 est.
484 1472 577 1535 Tecta
601 1496 687 1548 vere,
716 1475 828 1556 quihus
854 1483 886 1534 et
913 1475 1061 1554 frigorum
1091 1475 1138 1534 vis
1169 1475 1268 1554 pelle-

261 1576 399 1630 relucet
422 1570 559 1630 calorum
585 1571 734 1630 molestiae
757 1572 948 1643 sedarentur,
980 1571 1061 1630 unde
1089 1576 1145 1630 eut
1170 1570 1268 1656 initio

260 1665 366 1744 generi
385 1666 519 1726 humano
544 1668 608 1726 dari
628 1669 811 1747 potuissent,
834 1677 886 1728 eut
909 1676 1015 1749 postea
1035 1667 1211 1738 subvenire,
1239 1668 1266 1725 si

262 1763 356 1822 autvi
372 1770 502 1842 tempest
505 1765 726 1823 atisautterrae
737 1773 802 1824 mot

250 1859 320 1919 nnisi
346 1863 520 1920 communis
541 1863 604 1920 vita
629 1862 665 1920 ab
691 1862 868 1921 hominibus
894 1863 1002 1921 harum
1027 1883 1128 1922 rerum
1148 1809 1265 1920 auxilid
1329 1867 1330 1914 l

262 1965 365 2038 petere
381 1958 560 2017 didicisset?
575 1958 661 2024 Adde
677 1959 751 2018 duct
740 1967 788 2018 tus
804 1980 965 2039 aquarum,
982 1959 1190 2018 derivationes
1206 1959 1267 2016 llu-

261 2055 391 2127 minum,
415 2075 557 2133 agrorum
578 2056 684 2135 irrigat
686 2057 781 2128 iones
803 2057 898 2115 moles
922 2057 1078 2136 oppositas
1103 2054 1265 2126 fluctibus,

261 2159 369 2233 portus
380 2172 471 2210 manu
482 2152 600 2213 factos:
613 2175 682 2232 quoe
694 2153 808 2212 unde
785 2175 850 2212 sme
860 2153 1021 2212 hominum
1034 2173 1125 2232 opera
1137 2151 1253 2210 habere

250 2249 444 2329 possemus?
467 2249 512 2307 Ex
541 2250 652 2328 quibus
681 2250 846 2330 multisque
876 2250 944 2309 aliis
974 2251 1172 2356 perspicuum
1203 2255 1265 2318 est,

262 2368 315 2426 qui
308 2347 410 2405 lruct
398 2355 447 2406 tus
462 2367 591 2427 quaeque
606 2355 639 2405 ut
629 2347 720 2406 tilitat
676 2353 753 2405 ttes
768 2369 805 2405 ex
821 2347 945 2406 rebus'
927 2369 974 2418 ns,
991 2368 1059 2427 quae
1073 2353 1145 2404 sunt
1163 2346 1267 2403 inam-

261 2463 320 2500 mae
325 2444 568 2524 ‚percipiantur‚
577 2465 627 2503 eas
645 2463 700 2502 nos
716 2444 936 2502 nullomodo
914 2465 978 2502 sme
994 2443 1152 2520 hominum
1168 2463 1267 2500 manu

249 2547 354 2619 etque
363 2560 454 2619 opera
470 2561 577 2619 capere
588 2541 735 2649 potuisse
751 2526 809 2607 Qui
825 2541 958 2620 denique
973 2561 1010 2598 ex
1023 2539 1110 2598 best'
1078 2547 1128 2598 tus
1144 2539 1268 2596 fructus

248 2645 315 2696 *aut
337 2657 407 2716 quae
431 2638 598 2696 commodit
587 2647 643 2708 tas,
675 2638 733 2695 nisi
754 2637 893 2696 homines
919 2637 1112 2717 adjuvarent,
1145 2635 1266 2714 percipi

261 2731 472 2813 possetham
490 2741 521 2793 et
536 2735 588 2814 qui
603 2735 757 2815 principes
774 2734 953 2792 inveniendi
971 2734 1096 2792 luerunt
1115 2752 1208 2812 quem
1226 2753 1267 2790 ex

261 2851 383 2910 qunque
405 2831 493 2889 belua
511 2852 599 2889 usum
616 2832 726 2890 habere
743 2852 912 2911 possemus
930 2831 1070 2889 homines
1089 2828 1210 2888 certet
1211 2849 1267 2886 ue-

261 2934 355 2987 runt:
366 2949 422 2986 nec
436 2927 495 2986 hoc
512 2934 649 3006 tempore
669 2929 733 2986 sine
749 2928 908 2986 hominum
929 2949 1031 3035 opera,
1059 2934 1113 2986 aut
1137 2947 1267 3006 pascere

261 3045 323 3097 eas,
341 3024 542 3095 auttdomare‚
565 3030 618 3082 aut
639 3025 729 3096 tueri,
747 3032 801 3082 aut
822 3025 1035 3104 tempestivos
1039 3024 1158 3082 fructus
1178 3023 1267 3083 exiis

260 3141 370 3200 capere
396 3140 577 3201 possemus;
604 3120 641 3179 ab
666 3111 842 3200 eisdemque
869 3130 900 3179 et
922 3142 1009 3200 quae
1018 3128 1142 3194 nocent,
1170 3119 1266 3179 inter-

260 3218 417 3290 ficiuntur,
435 3226 465 3277 et
478 3239 547 3297 quae
568 3218 636 3277 usui
657 3225 787 3296 possunt
805 3239 869 3276 esse
888 3219 1064 3297 capiuntur.
1086 3217 1168 3284 Quid
1191 3238 1266 3277 enu-

252 3329 375 3374 merem
401 3316 512 3375 artium
537 3314 779 3391 multitudinem,
804 3316 869 3373 sine
902 3315 1013 3395 quibus
1041 3314 1106 3373 vita
1135 3315 1265 3373 omnino

261 3413 344 3471 nulla
367 3433 432 3472 esse
454 3412 625 3492 potuisset?
649 3412 708 3478 Qui
736 3413 818 3470 enim
843 3413 931 3490 aegris
946 3412 1176 3484 subveniretur,
1191 3432 1260 3492 quae

261 3517 341 3568 esset
353 3509 518 3568 oblectatio
536 3510 715 3582 valentium,
733 3509 903 3589 quiwvictus
925 3517 978 3568 aut
992 3509 1105 3582 cultus
1124 3508 1186 3566 nisi
1200 3516 1262 3568 tam

254 3605 367 3666 multae
389 3597 584 3664 nobis‘artes
612 3606 841 3665 ministrarent?
871 3606 989 3673 Quibus
1019 3606 1111 3664 rebus
1140 3606 1263 3665 exculta

260 3694 421 3762 hominum
433 3702 495 3761 vita
510 3709 629 3762 tantum
643 3703 764 3762 distata
779 3703 864 3763 victu
878 3711 908 3762 et
922 3703 1008 3762 cultu
1021 3701 1202 3762 bestiarum.

675 3878 788 3950 :cce
806 3903 841 3938 :-
