2682 4258
510 203 547 244 tn
567 205 615 244 vm
635 189 738 244 rnrvrtn
758 206 809 244 nes
830 206 958 244 nouarus

318 685 404 746 387.
424 684 591 780 Portrelt
611 687 658 744 du
676 683 830 743 rheteur
846 686 1000 745 Porcius
1018 689 1146 745 Latro.

475 882 536 986 (Ιὶε1
552 902 664 964 Porcio
684 903 820 966 Latrone
842 905 989 988 rhetore.)

165 1306 221 1364 Rh·
277 1321 374 1378 Nemo
395 1319 464 1400 plus
480 1319 605 1398 ingenio
622 1339 678 1378 suo
696 1319 876 1399 imperav'it;
895 1319 1067 1400 nemoplus
1088 1320 1235 1382 indulsit.

176 1481 181 1496 1
237 1419 270 1476 ln
286 1424 416 1496 utraque
428 1425 513 1495 porte
526 1416 703 1475 vehementi
717 1417 785 1476 viro
799 1417 910 1476 modus
925 1417 1030 1476 deerat
1044 1436 1051 1477 ε
1068 1439 1124 1477 nec
1139 1419 1238 1478 inter-

233 1514 355 1573 mittere
375 1512 476 1571 studia
498 1513 623 1584 sciebat,
649 1533 704 1572 nee
721 1520 871 1593 repetere.
894 1513 972 1572 Cum
988 1535 1019 1572 se
1040 1513 1078 1572 ad
1098 1513 1238 1573 scriben-

231 1611 304 1670 dum
317 1609 537 1683 concitaverat,
546 1610 759 1690 jungebantur
773 1611 916 1670 noctibus
927 1611 1001 1683 dies,
1016 1618 1046 1670 et
1058 1611 1124 1669 sine
1137 1611 1233 1670 inter-

231 1706 312 1767 vallo
333 1707 457 1786 gravius
477 1707 535 1765 sibi
555 1707 704 1779 instabat3
723 1727 779 1766 nec
799 1707 968 1779 desinebat,
986 1708 1044 1766 nisi
1064 1707 1235 1767 defecerat.

232 1804 351 1863 Rursus
363 1824 432 1861 cum
444 1823 476 1862 se
487 1804 662 1876 demiserat,
677 1804 708 1862 in
721 1824 828 1863 omnes
842 1805 928 1865 lusus
941 1812 972 1864 et
982 1805 1014 1862 in
1029 1824 1136 1862 omnes
1142 1804 1234 1884 jocos

231 1921 263 1960 se
275 1899 459 1960 resolvebat.
477 1899 555 1959 Cum
571 1921 645 1959 vero
661 1921 692 1960 se
707 1901 792 1959 silvis
814 1901 1033 1981 montibusque
1048 1899 1234 1970 tradiderat,

230 2017 337 2057 omnes
362 1997 431 2056 illos
453 2004 587 2075 agrestes
611 1998 642 2056 in
666 1996 751 2056 silvis
773 2004 805 2056 et
827 1998 983 2057 montibus
1006 2005 1094 2057 natos
1121 1987 1237 2056 laboris

231 2094 377 2174 patientia
392 2114 428 2153 ao
444 2094 576 2153 venandi
593 2094 727 2153 sollertia
740 2094 948 2174 provocabat:
965 2103 996 2154 et
1012 2095 1043 2152 in
1054 2101 1172 2173 tantam
1187 2095 1237 2154 sic

230 2191 355 2250 vivendi
375 2199 557 2270 pervenerat
568 2185 770 2270 cupiditatem
791 2199 825 2250 ut
846 2192 898 2249 vix
914 2197 1020 2271 posset
1039 2179 1081 2250 ad'
1099 2191 1237 2271 priorem

230 2286 485 2348 consuetudinem
505 2288 629 2346 retrahi.
649 2289 692 2346 At
708 2308 779 2347 curn
798 2287 857 2347 sibi
876 2308 1001 2347 manum
1021 2278 1180 2368 injecerat,
1205 2295 1256 2370 el,

231 2406 263 2444 se
282 2381 468 2444 blandiendo
495 2383 577 2442 unde
596 2383 766 2443 abduxerat
796 2393 966 2458 revocarat,
990 2385 1086 2444 tantis
1114 2384 1238 2444 viribus

231 2481 429 2540 incumbebat
451 2480 490 2539 ad
511 2481 647 2538 studium
670 2487 786 2539 utnon
808 2464 929 2540 tantuin
949 2479 1025 2540 nihil
1047 2481 1237 2561 perdidisse,

152 2629 155 2636 .
231 2578 284 2638 sed
302 2578 432 2636 multum
455 2577 656 2657 acquisivisse
670 2577 787 2636 desidia
806 2577 975 2637 videretur.
995 2577 1148 2637 Omnibus
1166 2579 1238 2658 qui-

202 2740 206 2748 ,
231 2676 300 2734 dem
314 2675 440 2755 prodest
451 2674 582 2733 subinde
595 2675 730 2733 animum
744 2673 895 2748 relaxare3
907 2675 1060 2734 excitatur
1072 2675 1154 2734 enim
1170 2675 1240 2734 otio

230 2773 318 2850 vigor
344 2790 350 2832 :
374 2778 405 2831 et
427 2771 528 2830 omnis
555 2771 691 2843 tristitia,
714 2791 783 2851 quae
807 2772 1041 2831 continuatione
1067 2771 1241 2852 pertinacis

231 2868 325 2928 studii
336 2868 510 2941 adducitur,
523 2868 668 2926 feriarum
681 2867 836 2927 hilaritate
846 2867 1021 2927 discutitur.
1036 2867 1120 2926 Nulli
1131 2876 1241 2927 tamen

230 2966 416 3024 intermissio
447 2965 640 3024 manifestius
666 2962 821 3044 proderat.
850 2963 977 3032 Quoties
1005 2985 1042 3022 ex
1070 2965 1240 3024 intervallo

230 3062 360 3134 dixerat,
387 3061 485 3120 multo
510 3062 611 3120 acrius
638 3060 867 3142 violentiusque
897 3061 1029 3121 dicebat.
1054 3059 1242 3120 Exsultabat

231 3160 311 3218 enim
336 3165 450 3217 novato
472 3165 503 3217 et
521 3159 674 3234 integrato
698 3158 826 3217 robore:
851 3165 882 3217 et
895 3153 1024 3217 'tantum
1044 3178 1061 3216 a
1081 3157 1113 3215 ¹se
1135 3158 1242 3237 expri-

231 3256 333 3315 mebat
355 3261 504 3335 quantum
529 3256 738 3334 concupierat,
763 3254 926 3314 Nesciebat
950 3254 1130 3334 dispensare
1153 3255 1243 3313 vires

231 3373 311 3424 suas,
331 3351 384 3410 sed
407 3351 599 3411 immoderati
615 3351 778 3410 adversum
796 3372 827 3410 se
849 3351 971 3431 imperii
991 3352 1061 3412 fuit.
1084 3351 1243 3410 Memoria

231 3458 262 3508 et
280 3457 389 3509 natura
409 3448 532 3529 quidem
551 3448 633 3519 felix,
658 3448 712 3507 sed
734 3447 900 3529 plurimum
919 3447 1025 3528 adjuta
1041 3455 1117 3509 arte.
1137 3448 1244 3508 Num·

95 3613 98 3618 ¹
139 3625 140 3628 Ἴ
231 3567 323 3626 quam
341 3545 393 3604 illa
413 3566 482 3625 quae
497 3545 636 3604 dicturus
657 3553 732 3618 erat,
756 3545 919 3604 ediscendi
940 3566 1041 3618 causa,
1066 3543 1241 3624 relegebat.

232 3642 408 3701 Edidicerat
430 3641 492 3713 illa,
516 3662 586 3700 cum
611 3643 785 3722 scripserat.
808 3642 1001 3722 domitaque
1024 3661 1247 3721 supervacuos

191 3751 194 3759 ’
231 3739 290 3797 sibi
303 3739 417 3812 fecerat
430 3737 551 3796 codices
567 3758 573 3798 :
590 3739 692 3798 aiebat
704 3759 736 3798 se
748 3738 880 3798 scribere
895 3739 927 3796 in
943 3739 1057 3799 anim0.

651 3924 809 3976 -276-
