2682 4258
524 172 650 212 monstrt.
673 185 712 196 -·
733 169 918 208 Plutosorfflss

159 347 161 354 ,
203 283 403 346 exstinxerat.
434 281 652 341 Revolvuntur
676 281 792 339 hiemes
821 290 851 339 et
884 287 1018 350 aestateS,
1051 299 1144 338 verna
1177 286 1211 338 et

204 386 352 439 autumna
366 400 436 438 eum
449 379 513 437 suis
526 379 654 450 viribus,
667 378 815 445 moribus,
832 377 982 454 frugibus,
1004 376 1103 434 Semel
1122 376 1210 434 dixe-

205 474 274 548 rim,
302 476 445 534 universa
468 474 611 533 condicio
641 473 775 532 recidiva
804 481 860 532 est.
891 473 1003 532 Omnia
1032 473 1063 530 in
1090 479 1209 531 statum

204 570 346 643 redeunt,
366 592 436 630 eum
452 571 676 630 abscesserunt.
697 569 806 628 Omnia
829 570 992 648 incipiunt,
1013 590 1083 627 cum
1108 568 1210 627 desie.

204 667 378 740 runt3ideo
396 666 558 736 finiuntur,
580 674 615 724 ut
637 667 729 737 frant;
755 665 830 723 nihil
845 664 975 744 deperit,
993 665 1051 723 nisi
1073 666 1103 723 in
1123 664 1210 723 salu—

204 772 278 826 tem.
303 765 400 823 Totus
422 764 517 840 igitur
533 762 582 821 hic
604 762 680 821 ordo
704 760 883 820 revolubilis
905 782 1007 820 rerum
1028 761 1209 821 testimonio

204 869 251 920 est
269 861 372 920 omnia
399 881 467 942 quae
493 859 707 918 dissolvuntur
728 858 858 916 renasci.
881 858 992 916 Anima
1007 879 1081 917 vero
1107 857 1208 916 homi-

204 957 263 1030 nia,
286 957 404 1034 integra
424 964 455 1015 et
473 955 667 1024 indissoluta,
692 975 770 1035 quae
793 954 831 1012 de
850 974 906 1012 suo
931 954 1043 1012 sufficit
1060 954 1125 1032 ipsa
1147 953 1221 1021 sibi,

204 1053 251 1112 vel
272 1074 343 1112 cum
360 1053 478 1112 carneis
497 1052 645 1131 implicita
663 1051 796 1110 vinculis
829 1051 1005 1109 etiamnunc
1025 1050 1207 1122 innectitur,

203 1158 368 1230 postquam
387 1150 445 1207 erit
465 1171 482 1209 a
501 1149 657 1208 consortio
677 1147 815 1227 corporis
834 1155 933 1205 morte
947 1153 1116 1225 scgregata,
1133 1166 1207 1204 auc·

203 1247 264 1305 tius
279 1246 311 1304 in
327 1267 359 1306 se
375 1246 470 1317 vivet,
486 1265 652 1326 numquam
670 1245 842 1304 interitura.

240 1402 325 1460 494.
346 1405 401 1459 La,
418 1403 483 1459 vte.
497 1405 545 1460 du
563 1401 779 1472 philosophe
799 1403 856 1458 est
875 1402 915 1457 la.
933 1399 1154 1458 meditatton

590 1491 635 1546 de
653 1490 694 1546 le
712 1491 818 1546 mort.

292 1576 569 1658 (Philosophorum
592 1575 653 1635 vita
673 1574 891 1634 commentatio
913 1573 1023 1634 mortis
1045 1575 1116 1655 est.)

133 1708 188 1767 tlh.
244 1711 321 1768 Tota
343 1709 597 1788 philosophorum
621 1708 696 1778 vita,
728 1713 762 1766 ut
787 1708 831 1766 ait
861 1707 959 1778 Plat0,
987 1707 1213 1766 commentatio

205 1807 313 1864 mortis
327 1813 383 1864 est.
400 1805 475 1863 Nam
488 1805 561 1883 quid
574 1803 657 1862 aliud
671 1804 800 1880 agimus,
815 1823 884 1862 cum
900 1825 917 1861 a
930 1803 1101 1883 voluptate,
1116 1803 1146 1862 id
1163 1811 1212 1862 est

202 1923 374 1980 acorpore,
391 1921 460 1959 cum
477 1921 538 1960 are
553 1901 708 1973 familiari,
730 1922 799 1980 quae
817 1909 863 1958 cst
880 1899 1022 1958 ministra
1044 1907 1075 1958 et
1093 1901 1211 1959 famula

202 1998 352 2078 corporis
380 2018 450 2055 cum
477 2019 493 2054 a
523 1998 689 2075 republica,
718 1997 968 2075 cumanegotio
981 1997 1067 2054 omni
1083 2017 1213 2056 sevoca-

201 2115 271 2152 mus
296 2095 454 2152 animum?
470 2093 559 2162 Quid,
588 2095 724 2172 inquam,
749 2101 814 2152 tum
839 2094 969 2170 agimus,
992 2093 1051 2151 nisi
1069 2093 1210 2152 animum

202 2191 241 2250 ad
271 2213 302 2249 se
333 2191 434 2269 ipsum
464 2191 661 2261 advocamus
692 2210 795 2249 secum
833 2211 898 2249 esse
927 2191 1076 2267 cogimus.
1113 2192 1210 2249 maxi-

203 2308 314 2367 meque
338 2307 354 2344 a
374 2307 502 2365 corpore
524 2287 727 2346 abducimus‘?
748 2287 912 2344 Secernere
927 2295 1030 2346 autem
1046 2308 1062 2345 a
1079 2307 1213 2366 corpore

204 2384 351 2454 animum,
382 2383 493 2461 ecquid
520 2382 602 2440 aliud
629 2391 675 2440 est
698 2404 789 2462 quam
819 2383 916 2441 emori
942 2383 1082 2442 discere?
1107 2383 1211 2450 Quare

204 2480 278 2539 hoc‘
296 2487 550 2547 commentemur,
574 2479 769 2552 mihicrede,
806 2479 1083 2559 disjungamusque
1112 2500 1168 2538 nos
1192 2503 1211 2539 a

203 2576 395 2654 corporibus
411 2575 441 2632 id
453 2584 499 2633 est
512 2595 750 2634 consuescamus
768 2577 857 2636 mori.
877 2577 954 2646 Hoc,
967 2583 996 2634 et
1005 2577 1077 2633 dum
1095 2577 1211 2634 erimus

204 2675 236 2732 in
256 2673 356 2743 terris,
372 2672 431 2730 erit
451 2671 495 2728 illi
514 2671 627 2729 caelesti
648 2672 719 2730 vitae
746 2673 856 2744 simile,
876 2679 908 2730 et
928 2693 998 2730 cum
1017 2672 1090 2730 illuc
1104 2693 1142 2730 ex
1163 2672 1212 2730 his

204 2769 337 2827 vinculis
357 2768 460 2826 emissi
483 2768 626 2838 feremur,
648 2768 754 2826 minus
777 2767 950 2827 tardabitur
964 2789 1072 2827 cursus
1092 2770 1211 2829 animo-

204 2887 284 2924 rum.
303 2867 379 2924 Nam
399 2865 453 2944 qui
476 2865 507 2921 in
534 2864 735 2941 compedibus
763 2865 901 2943 corporis
923 2865 1207 2944 semperluerunt,

204 2961 296 3020 etiam
308 2982 377 3019 cum
396 2961 489 3019 soluti
505 2967 587 3031 sunt,
605 2960 722 3018 tardius
736 2961 961 3037 ingrediuntur,
978 2970 1013 3019 ut
1024 2961 1046 3018 ii
1062 2962 1114 3040 qui
1128 2961 1211 3019 ferro

205 3058 302 3115 vincti
324 3057 438 3115 multos
456 3077 553 3115 annos
580 3056 715 3116 suerunt.
739 3056 806 3122 Quo
830 3078 900 3116 cum
931 3058 1117 3129 venerimuS,
1142 3066 1209 3116 tum

205 3153 337 3232 denique
353 3153 505 3210 vivemus
522 3153 598 3210 Nam
620 3153 684 3211 haec
706 3152 830 3232 quidem
847 3153 910 3212 vita
924 3174 1006 3211 mors
1022 3161 1068 3212 est
1085 3179 1091 3212 :
1116 3175 1209 3233 quam

205 3249 365 3308 lamentari
377 3269 509 3328 possem,
528 3249 552 3306 si
567 3248 684 3310 liberet.
703 3249 762 3308 Sed
772 3249 875 3308 veniet
891 3258 1024 3328 tempuS,
1035 3257 1066 3308 et
1082 3251 1208 3328 quidem

205 3345 355 3418 celeriter,
381 3345 446 3403 sive
470 3344 660 3417 retractabis,
690 3345 754 3404 sive
781 3346 982 3424 properabis:
1017 3346 1103 3404 volat
1126 3347 1208 3405 enim

205 3450 288 3500 aetas
306 3442 438 3499 Tantum
455 3449 557 3499 autem
572 3441 656 3500 abest
671 3442 710 3499 ab
723 3462 770 3512 e0,
788 3442 945 3501 utmalum
960 3463 1042 3500 mors
1058 3443 1107 3514 sit,
1125 3443 1207 3522 quod

206 3538 262 3596 tibi
281 3537 397 3596 dudum
420 3536 594 3609 videbatur,
626 3545 660 3595 ut
678 3559 784 3596 verear
805 3560 842 3596 ne
862 3538 981 3596 homini
1001 3539 1078 3597 nihil
1092 3540 1132 3598 sit
1147 3561 1207 3598 non

206 3634 320 3693 malum
345 3632 438 3700 aliud,
449 3642 531 3691 certe
566 3635 605 3691 sit
642 3632 716 3690 nihil
735 3634 849 3692 bonum
869 3635 954 3693 aliud
970 3637 1085 3714 potiuS,
1101 3637 1125 3694 si
1142 3637 1207 3717 qui-

205 3730 275 3790 dem
293 3729 342 3788 vel
358 3729 388 3787 di
403 3729 472 3809 ipsi,
489 3729 537 3806 vel
547 3750 616 3786 cum
631 3729 677 3787 dis
695 3729 790 3788 futuri
805 3751 921 3800 sumus.

626 3917 663 3954 ¹-
683 3888 733 3938 362
752 3915 786 3926 -
