2682 4258
247 168 355 220 rorism.
374 196 413 206 -
427 165 541 220 rosires.
551 196 603 226 ,-
616 165 792 228 monumen.
808 197 847 204 -
865 181 1027 222 omreuns.
1046 193 1086 206 *-
1099 162 1256 219 nnirnuns

247 293 409 367 orationis;
425 313 481 352 nec
495 294 592 372 magis
604 294 720 372 perfert
732 293 763 351 in
774 292 901 373 judiciis
916 292 1036 352 tristem
1050 300 1082 352 et
1095 293 1252 371 impexam

247 390 474 470 antiquitatem,
488 411 581 470 quam
596 390 621 448 si
636 390 706 470 quis
724 391 756 448 in
773 409 874 450 scaena
895 389 1000 449 Roscii
1016 397 1069 448 aut
1083 390 1254 469 Turpionis

247 486 384 546 Ambivii
403 487 573 566 exprimere
597 495 702 564 gestus
723 487 810 546 velit,
833 486 901 545 Jam
926 507 999 545 vero
1017 485 1147 564 juvenes
1164 493 1200 544 et
1223 487 1253 545 in

247 583 314 664 ipsa
328 583 500 643 studiorum
516 583 628 642 incude
646 583 751 663 positi,
770 583 823 664 qui
838 583 999 663 profectus
1017 583 1063 641 sui
1078 603 1169 641 causa
1183 603 1256 642 ora·

248 686 329 740 tores
340 687 506 753 sectantur,
516 701 579 739 non
590 679 689 740 solum
697 679 814 753 audire,
827 679 881 738 sed
894 681 985 739 etiam
998 680 1110 738 referre
1121 679 1252 738 domum

247 775 363 858 aliquid
386 776 505 836 illustre
529 783 561 836 et
586 776 714 855 dignum
744 777 892 836 memoria
912 776 1037 847 volunt;
1061 775 1253 855 traduntque

247 873 391 946 invicem,
403 893 439 932 ac
462 894 542 953 saepe
557 873 588 931 in
602 873 738 932 colonias
757 894 794 932 ac
811 873 987 954 provincias
1007 893 1078 931 sues
1097 872 1251 946 scribunt,

247 969 312 1028 sive
331 990 439 1028 sensus
461 969 571 1050 aliquis
590 977 699 1048 arguta
717 977 748 1029 et
764 970 851 1028 brevi
870 969 1023 1030 sententia
1041 967 1164 1042 effulsit,
1184 969 1254 1027 sive

247 1066 333 1126 locus
348 1067 500 1145 exquisito
518 1073 549 1126 et
563 1067 685 1147 poetico
701 1065 787 1127 cultu
800 1066 923 1126 enituit.
940 1066 1081 1145 Erigitur
1096 1065 1176 1124 enim
1183 1065 1251 1145 jam

247 1161 286 1221 ab
305 1169 426 1222 oratore
450 1163 542 1221 etiam
570 1164 711 1244 poeticus
734 1163 837 1236 decor,
853 1184 914 1221 non
941 1163 1026 1221 Accii
1049 1170 1103 1221 aut
1123 1161 1250 1221 Pacuvii

248 1267 375 1319 veterno
396 1260 585 1339 inquinatus,
610 1260 663 1318 sed
685 1281 723 1319 ex
743 1261 864 1319 Horatii
884 1266 914 1318 et
929 1259 1057 1338 Vergilii
1078 1265 1109 1318 et
1132 1258 1250 1317 Lucani

248 1357 380 1416 sacrario
395 1355 543 1435 prolatus.
562 1357 680 1416 Horum
699 1357 794 1435 igitur
805 1356 929 1416 auribus
946 1365 976 1415 et
985 1355 1113 1436 judiciis
1131 1355 1250 1414 obtem-

246 1443 358 1532 perans
386 1459 561 1511 nostrorum
590 1460 747 1512 oratorum
774 1460 848 1512 aetas
873 1453 1033 1533 pulchrior
1058 1460 1090 1512 et
1112 1451 1253 1511 ornatior

248 1548 376 1610 exstitit.
391 1549 498 1628 Neque
514 1549 583 1608 ideo
598 1551 699 1609 minus
715 1551 851 1609 efficaces
867 1556 939 1608 sunt
954 1549 1108 1608 orationes
1123 1555 1247 1619 nostrae,

249 1646 320 1727 quia
331 1646 369 1704 ad
383 1667 471 1704 aures
480 1646 687 1726 judicantium
701 1668 772 1706 cum
784 1647 943 1726 voluptate
956 1645 1153 1727 perveniunt.
1171 1643 1250 1712 Quid

248 1743 341 1814 enim,
364 1743 389 1800 si
404 1743 573 1802 infirmiora
590 1743 699 1801 horum
715 1751 887 1823 temporum
908 1743 1023 1822 templa
1039 1742 1155 1824 credas,
1178 1741 1247 1822 quia

249 1860 310 1898 non
332 1838 401 1897 rudi
421 1847 570 1898 caemento
585 1839 812 1899 etinlormibus
831 1840 944 1920 tegulis
964 1847 1173 1910 exstruuntur,
1196 1835 1247 1895 sed

249 1956 401 1995 marmore
416 1936 517 1996 nitent
534 1943 565 1996 et
576 1956 651 1996 auro
666 1937 849 1998 radiantur?
