2678 4250
106 178 188 233 311.
210 179 335 246 Vogue
359 179 404 233 de
430 179 526 233 deux
552 175 736 234 medeclns
764 174 991 233 marseillais
1018 188 1106 232 sous

459 324 461 328 ,
536 262 673 321 Ne'ron.

104 366 161 448 (De
182 365 305 428 duobus
326 366 578 428 Massiliensibus
601 366 742 441 medicis,
761 364 820 448 qui
838 367 955 442 Roma,
977 365 1105 427 Nerone

343 463 502 546 principe,
525 463 559 524 in
574 463 678 546 pretio
698 463 853 546 suerunt.)

144 623 280 684 Maxima
303 623 400 702 gloria
426 623 599 697 Thessalus,
628 621 759 682 Neronis
784 621 932 696 medicus,
959 621 1098 697 florebat,
1113 626 1170 682 nh.

107 720 282 800 nulliusque
315 720 500 779 histrionum
529 719 704 779 comitatior
740 740 880 797 egressus
915 719 947 784 in
978 719 1101 800 publico

106 825 181 891 erat,
207 837 277 878 cum
292 817 401 878 Crinas
416 817 618 876 Massiliensis
642 823 706 876 arte
733 816 897 896 geminata,
926 823 961 876 ut
983 815 1104 876 cautior

105 913 350 994 religiosiorque,
373 913 411 979 ad
441 915 575 973 siderum
600 920 701 972 motus
717 935 754 972 ex
768 912 965 993 ephemeride
986 913 1103 972 mathe-

106 1011 217 1070 matica
249 1011 335 1070 cibos
361 1010 463 1070 dando
499 1011 650 1092 horasque
678 1011 890 1086 observande,
924 1009 1105 1069 auctoritate

108 1128 179 1168 cum
214 1108 395 1187 praecessit:
427 1128 585 1189 nuperque
617 1107 733 1167 centies
763 1107 827 1166 H-S
861 1106 988 1187 reliquit
1010 1106 1106 1165 muris

107 1204 228 1286 patriae.
255 1205 296 1264 Hi
323 1205 472 1283 regebant
494 1205 568 1278 iata,
597 1225 667 1264 cum
691 1210 817 1284 repente
836 1203 994 1263 civitatem
1010 1202 1107 1262 Char-

107 1302 167 1362 mis
195 1322 233 1361 ex
261 1301 368 1361 eadem
397 1301 534 1361 Massilia
564 1301 689 1374 invasit,
719 1301 873 1360 damnatis
902 1320 965 1360 non
1006 1300 1106 1360 solum

107 1398 265 1478 prioribus
285 1398 423 1472 medicis,
445 1419 552 1457 verum
576 1404 607 1457 et
632 1398 761 1457 balineis
785 1416 792 1458 ε
816 1397 987 1478 frigidaque
1012 1397 1105 1456 etiam

104 1495 244 1554 hibernis
282 1493 438 1573 algoribus
477 1495 574 1554 lavari
607 1495 769 1574 persuasit.
806 1493 916 1554 Mersit
947 1515 1046 1572 aegros
1075 1493 1107 1552 in

103 1588 200 1650 lacus.
216 1591 404 1650 Videbamus
419 1613 506 1650 senes
516 1585 691 1651 consulares
706 1611 803 1670 usque
819 1592 851 1650 in
867 1590 1107 1650 ostentationem

104 1690 254 1766 rigentes.
279 1689 344 1747 Nec
367 1687 497 1747 dubium
519 1695 566 1748 est
591 1709 698 1751 omnes
725 1688 800 1747 istos
826 1688 938 1748 famam
967 1687 1108 1746 novitate

12 1807 13 1816 ¹
102 1786 208 1865 aliqua
239 1792 428 1865 aucupantes
457 1786 558 1845 anima
580 1786 683 1868 statim
709 1792 813 1844 nostra
835 1785 998 1864 negotiari.
1027 1784 1107 1842 Hinc
1136 1835 1138 1842 .

12 1867 13 1894 ³
104 1883 167 1940 illae
181 1881 261 1940 circa
271 1902 370 1959 aegros
380 1881 499 1940 miserae
511 1883 738 1941 ‘sententiarum
748 1881 1007 1955 concertationes,
1022 1880 1109 1939 nullo

103 1979 188 2038 idem
215 1986 370 2052 censente,
399 1999 437 2038 ne
461 1979 603 2038 videatur
625 1977 759 2038 accessio
783 1977 919 2038 alterius.
947 1977 1028 2037 Hinc
1055 1976 1108 2036 illa

12 2107 13 2122 2
104 2073 239 2134 infelicis
265 2074 458 2134 monumenti
491 2075 663 2154 inscriptio,
696 2098 710 2129 «
726 2074 818 2134 turha
850 2094 882 2134 se
918 2073 1108 2132 medicorum

12 2199 14 2250 3
102 2172 223 2252 perisse
240 2196 266 2232 ».
284 2171 424 2230 Mutatur
440 2192 490 2237 ars
510 2172 662 2252 quotidie,
679 2171 771 2230 toties
786 2170 957 2251 interpoliS,
974 2177 1005 2230 et
1023 2171 1108 2250 inge·
1163 2191 1164 2194 ’

102 2268 228 2326 niorum
240 2266 368 2337 Graeciae
378 2267 454 2326 flatu
464 2268 651 2348 impellimur
664 2286 670 2327 :
690 2268 853 2349 palamque
868 2273 924 2341 est,
935 2266 1109 2347 utquisque

104 2364 191 2423 inter
204 2363 281 2424 istos
298 2363 454 2443 loquendo
474 2365 597 2444 polleat,
619 2359 835 2444 imperatorem
850 2363 934 2422 illico
952 2363 1024 2423 vitae
1040 2384 1109 2424 nos-

13 2441 18 2452 ’
105 2470 162 2520 lrae
177 2460 323 2541 necisque
333 2460 416 2534 fieri3
431 2481 486 2520 ceu
498 2481 648 2520 veronen
657 2461 741 2521 milia
751 2461 890 2540 gentium
899 2461 967 2520 sine
981 2459 1109 2522 medicis

107 2557 238 2635 degant,
255 2577 311 2617 nec
326 2563 430 2616 tamen
445 2558 510 2616 sine
522 2557 686 2622 medicina.
763 2639 764 2646 ἵ
823 2565 824 2570 ’

113 2795 195 2853 312.
212 2797 265 2867 La
279 2793 463 2852 medecina
479 2797 538 2852 est
555 2808 627 2852 une
642 2795 787 2854 seleuce
807 2795 1108 2867 experimentale.
1192 2823 1194 2828 ·

222 2907 270 2989 (In
293 2929 349 2968 usu
372 2915 400 2968 et
422 2907 643 2989 esperimentis
662 2908 793 2992 ponitur
814 2909 995 2990 medicina.)

147 3066 226 3126 Cum
255 3066 373 3126 incerta
395 3067 435 3126 sit
458 3067 657 3128 obscurarum
681 3089 841 3128 causarum
866 3077 896 3129 et
922 3068 1108 3128 naturalium
1136 3087 1179 3150 3⁰

12 3241 13 3244 Ἴ
106 3162 267 3223 actionum
290 3163 430 3238 scientia,
445 3185 461 3222 a
475 3165 566 3224 certis
587 3165 691 3244 potius
706 3172 736 3224 et
752 3165 918 3246 exploratis
940 3165 1107 3245 petendum

102 3267 153 3318 est
167 3259 358 3338 praesidium‚
377 3259 409 3319 id
426 3266 473 3319 est
492 3261 527 3319 iis
547 3282 617 3341 quae
637 3263 827 3342 experientia
840 3263 872 3320 in
884 3263 959 3342 ipsis
974 3263 1108 3321 curatio-

12 3423 13 3428 ,
102 3357 198 3414 nibus
213 3355 363 3431 docuerit,
386 3341 470 3416 ¹sicut
488 3357 520 3415 in
540 3359 649 3417 ceteris
664 3359 807 3418 omnihus
827 3359 953 3419 artibus,
976 3358 1046 3417 Non
1067 3359 1110 3419 ita

12 3461 13 3484 ³
101 3453 175 3512 dico
196 3451 324 3511 consilio
346 3453 499 3512 medicum
524 3474 587 3512 non
612 3475 712 3533 egere,
741 3462 771 3529 et
794 3455 971 3514 irrationale
995 3456 1109 3516 animal

102 3549 187 3608 hanc
200 3555 297 3607 artem
312 3569 402 3628 posse
418 3557 574 3629 praestare,
593 3553 645 3610 sed
667 3553 722 3610 has
744 3553 905 3611 latentium
920 3573 1023 3612 rerum
1037 3575 1109 3613 con·
1140 3589 1142 3593 .

102 3647 240 3724 jacturas
267 3645 305 3705 ad
326 3667 391 3705 rem
414 3667 476 3705 non
498 3647 651 3726 portinere
675 3667 682 3708 :
710 3650 865 3729 quianon
889 3649 1011 3709 intersit
1035 3651 1108 3731 quid

103 3741 250 3802 morbum
264 3741 367 3816 faciat,
386 3743 438 3802 sed
456 3743 530 3824 quid
546 3745 651 3820 tollat;
667 3767 765 3825 neque
781 3747 947 3826 quomodo,
965 3748 1017 3806 sed
1033 3747 1107 3826 quid

531 3933 687 3985 -219-
759 3936 762 3942 '
