2656 4258
110 6 263 27 “ww-*rr*
305 6 307 9 ·
355 3 358 6 '
454 3 495 5 ”

137 37 140 44 .

48 163 107 220 156.
131 164 222 234 Qu'il
242 164 324 222 faut
351 167 552 234 permetere
579 164 615 222 le
646 164 732 222 luxe
760 178 835 223 aux
859 167 1021 225 remmes.

278 269 333 350 (De
345 269 552 330 muliebribus
574 269 764 351 munditiis.)

70 429 235 509 «Purpura
258 429 317 488 viri
331 439 462 503 utemur,
477 429 650 511 praetextati
668 430 701 489 in
721 414 960 509 magistratibus,
986 430 1016 488 in
1029 431 1085 501 Rh,

39 525 218 598 sacerdotiis;
234 527 323 586 liberi
345 527 442 587 nostri
459 527 617 608 praetextis
629 528 765 608 puipuua
779 527 859 606 togis
874 534 1017 599 utentur3

39 621 252 698 magistratibus
275 623 306 681 in
328 623 458 682 coloniis
490 623 729 704 municipiisque
755 631 835 701 togae
863 629 1021 703 praetextae

37 715 170 777 habendae
184 719 236 798 jus
252 720 488 800 permittemus:
505 720 626 779 seminis
653 720 814 802 dumtaxat
835 741 925 778 usum
948 741 1024 799 pur·

38 833 105 890 purae
121 815 364 876 interdicemus?
391 824 432 888 et,
458 837 528 876 cum
548 816 603 875 tibi
630 817 697 876 viro
723 815 813 876 liceat
833 837 970 896 purpura
989 816 1021 874 in

39 918 105 970 veste
121 912 256 990 stragula
275 913 330 985 uti,
354 921 481 972 matrem
497 912 621 972 familiae
637 920 722 972 tuam
744 933 934 993 purpureum
948 912 1022 972 ami-

40 1007 123 1066 culum
141 1008 253 1068 habere
268 1030 331 1068 non
346 1011 450 1069 sines?
465 1016 495 1069 et
519 1030 616 1090 equus
629 1017 702 1068 tuus
728 1010 896 1090 speciosius
911 1011 1022 1069 instra-

38 1109 73 1161 tus
96 1106 156 1164 erit
181 1127 273 1186 quam
298 1126 376 1166 uxor
398 1107 532 1166 vestita?
556 1106 679 1180 Nullam
702 1107 928 1166 {emulationem
941 1106 1022 1166 inter

40 1219 60 1256 se
71 1201 270 1280 singularum.
284 1203 405 1283 quando
418 1203 501 1264 nulla
513 1203 651 1277 haberet,
667 1225 732 1262 esse
748 1203 826 1263 Cato
843 1202 953 1264 aiebat.
968 1205 1019 1270 Aa,

40 1293 157 1371 hercule,
176 1299 328 1359 universis
348 1299 482 1359 doloret
497 1300 670 1378 indignatio
692 1306 749 1372 est,
776 1320 845 1359 cum
869 1300 1021 1359 sociorum

41 1391 86 1452 lat'
56 1397 120 1454 atini
135 1395 273 1456 nominis
299 1397 447 1456 uxoribus
467 1397 576 1458 vident
602 1417 636 1455 ea
665 1417 809 1456 concessa
830 1385 1042 1468 ornamentas

40 1509 88 1568 quae
102 1493 163 1552 sibi
180 1493 363 1574 adempta
340 1501 415 1552 sint·
410 1514 502 1565 ‚cum
517 1495 652 1572 insignes
672 1515 722 1552 eas
735 1513 800 1552 esse
815 1514 889 1552 auro
902 1501 932 1553 et
949 1514 1023 1573 pur-

40 1604 109 1664 pura,
102 1589 433 1669 camillasvehiper
454 1591 572 1659 urbem,
597 1611 628 1649 se
659 1589 788 1669 pedibus
819 1590 927 1670 sequi:
946 1597 1023 1648 tam-

41 1701 109 1760 quam
130 1687 166 1745 in
193 1686 314 1745 illarum
334 1687 523 1760 civitatibus
548 1706 610 1745 non
638 1687 670 1744 iu
702 1707 766 1759 sua,
796 1687 983 1766 imperiums
971 1687 1020 1745 sit.

42 1775 165 1842 luorum
185 1783 244 1843 hoc
260 1783 379 1842 animas
401 1783 561 1845 vulnerare
585 1791 689 1863 posset
712 1783 811 1862 :quid
829 1780 1024 1842 muliercula·

42 1895 88 1936 rum
102 1879 249 1952 censetis,
267 1900 343 1960 quas
353 1879 488 1940 etiam
458 1901 552 1961 parva
572 1881 725 1940 movent?
743 1879 812 1938 Non
827 1880 1024 1957 magistratus

43 1991 79 2032 aee
90 1977 264 2036 sacerdotia
283 1996 339 2035 nec
366 1974 515 2056 triumphi
547 1997 602 2036 nee
633 1976 764 2055 insignia
788 1997 844 2035 nec
869 1975 949 2034 dona
970 1984 1024 2050 aut

43 2073 113 2146 spolia
139 2073 253 2133 bellica
274 2067 321 2133 his
339 2074 518 2152 contingere
538 2071 690 2154 possunt':
706 2073 877 2146 munditiae,
897 2080 1024 2132 ornatus

43 2170 180 2242 deultum
209 2169 277 2229 haee
297 2170 480 2229 seminarum
501 2171 633 2248 insignia
660 2155 753 2230 sunt:
776 2169 823 2228 his
849 2169 984 2248 gaudent
993 2175 1025 2228 et

44 2261 208 2340 {laniantum
225 2266 309 2326 hunc
323 2267 472 2326 mundum
486 2266 665 2326 muliebrem
675 2266 914 2346 appellaverunt
928 2266 1025 2345 majo·

44 2377 71 2418 us
82 2362 193 2424 nostri.
211 2387 227 2419 ›>

161 2565 461 2663 157.1>epenses'
482 2595 549 2652 des
574 2593 726 2650 remmes
749 2591 883 2650 rienes.

199 2691 260 2775 (De
288 2690 418 2753 diuitum
448 2692 616 2753 mulierum
644 2691 846 2774 sumptibus.)

46 2845 85 2924 [ro
102 2853 283 2913 indotatam
305 2852 413 2913 ducam
436 2857 562 2911 uxorein
584 2852 722 2910 domum.
1041 2860 1094 2916 Rh.

44 2939 203 3022 leminea
225 2948 351 3056 quidem
373 2948 485 3022 animo,
510 2949 539 3007 si.
557 2949 637 3008 idem
659 2947 774 3012 faciant
799 2947 903 3021 celeri,

45 3039 67 3098 lt
60 3049 177 3108 [multo
200 3048 258 3106 fiat
279 3045 354 3104 civit
356 3067 389 3104 as
342 3045 604 3116 teoncordior

46 3133 66 3196 lt
82 3144 198 3204 invidia
221 3164 280 3202 nos
302 3142 419 3201 minore
442 3150 563 3201 utamur
584 3162 677 3222 quam
699 3142 825 3215 utimur,

45 3231 67 3292 Et
61 3241 134 3300 tillae
158 3241 277 3301 malam
300 3259 363 3298 rem
385 3246 524 3298 metuant
545 3259 636 3318 quam
658 3245 802 3299 metuunt
822 3237 930 3317 magis,

45 3329 67 3390 ΕΙ
81 3359 130 3398 nos
152 3338 278 3398 minore
302 3343 425 3416 sumptu
447 3336 542 3394 simus
564 3356 655 3417 quam
678 3356 793 3394 sumus.

39 3427 161 3494 Nullae
130 3457 161 3514 lg
164 3437 231 3494 itur
253 3431 356 3492 dieat:
370 3457 384 3486 u
402 3432 552 3513 Equidem
575 3433 678 3491 dotem
700 3432 772 3490 adt
760 3439 790 3490 te
812 3438 856 3490 att
844 3430 899 3490 tuli

39 3483 168 3609 *tlajorein
193 3531 296 3590 multo
319 3550 410 3610 quam
431 3529 575 3589 tibimet
595 3529 747 3609 pecunia:
805 3563 808 3569 -
835 3573 841 3582 .

47 3619 109 3686 inim
125 3630 205 3688 mihi
220 3626 346 3708 quidem
356 3647 477 3706 aequum
488 3635 534 3686 est
544 3632 755 3707 purpuramat
758 3645 816 3705 que
830 3645 937 3685 aurum
947 3625 1024 3697 dari,

45 3725 164 3800 tusillas,
192 3725 308 3791 mulos
332 3723 493 3793 muliones
518 3723 713 3803 pedisequos,

450 3909 604 3958 -109-
