2678 4250
86 4 115 20 ,³
124 27 131 40 u
139 27 160 56 *g
168 12 172 13 ⁷
219 15 251 39 ¹152.

184 199 268 256 340.
288 199 345 255 Un
363 199 469 266 poete
490 198 514 254 a
532 211 581 255 un
600 199 645 254 de
665 210 728 254 ses
747 195 997 254 detracteurs.

211 362 213 366 .
284 318 391 401 (Poeta
414 319 447 377 in
461 315 704 379 obtrectatorem
728 317 910 400 invehitur.)

128 515 300 574 Emendare
321 533 416 585 meos,
440 533 517 593 quos
540 513 628 572 novit
649 513 740 584 lama,
764 511 882 572 libellos

128 612 168 670 Et
188 611 246 670 tibi
268 610 421 690 permittis
443 610 548 669 felices
569 630 694 688 carpere
717 629 824 688 nugas,

89 725 92 734 ’
128 707 204 781 Has,
227 709 364 787 inquam,
388 727 496 785 nugae,
520 707 632 786 quibus
653 727 756 765 aurem
780 706 944 767 advertere
955 711 1060 766 'totam

126 805 199 864 Non
220 809 425 884 aspernantur
446 823 588 882 proceres
611 803 757 882 urbisque
779 802 910 882 forique,

126 901 211 968 Quas
233 908 264 960 et
285 899 428 980 perpetui
449 899 617 978 dignantur
638 899 750 958 scrinia
773 898 828 957 Sili

126 998 170 1058 Et
189 997 302 1076 repetit
322 997 415 1056 toties
437 995 572 1055 facundo
594 996 732 1074 Regulus
754 1016 817 1068 ore,

127 1095 200 1174 lpse
221 1094 313 1153 etiam
335 1101 422 1153 tanto
445 1093 589 1152 dominus
612 1092 669 1152 sub
690 1093 826 1172 pondere
848 1113 952 1154 rerum

127 1191 200 1250 Non
222 1190 407 1268 dedignatur
428 1189 475 1248 bis
496 1197 605 1269 terque
626 1189 789 1249 revolvere
809 1189 923 1250 Caesar.

125 1286 190 1346 Sed
211 1287 267 1346 tibi
288 1287 357 1366 plus
379 1286 502 1358 mentis,
527 1286 585 1345 tibi
606 1306 659 1344 cor
679 1285 805 1345 limante
828 1286 971 1346 Minerva

126 1383 241 1443 Acrius
264 1390 295 1442 et
315 1389 423 1442 tenues
445 1382 601 1441 finxerunt
622 1390 728 1462 pectus
749 1381 891 1443 Athenae.

127 1479 235 1539 Audes
257 1486 415 1558 praeterea,
439 1498 517 1557 quos
539 1478 641 1537 nullus
664 1479 796 1552 noverit,
821 1480 852 1538 in
874 1499 923 1538 me
957 1543 960 1550 ,

126 1576 269 1636 Scribere
290 1575 459 1634 versiculos
482 1576 608 1634 miseras
630 1583 660 1633 et
682 1574 809 1655 perdere
831 1577 964 1636 chartas.

127 1677 174 1733 At
194 1672 220 1730 si
241 1672 316 1752 quid
337 1678 451 1730 nostrae
474 1671 530 1730 tibi
551 1672 622 1730 bilis
644 1672 789 1732 inusserit
810 1673 912 1744 ardor,

129 1769 223 1828 Vivet
244 1777 275 1828 et
296 1769 422 1828 haerebit
447 1776 572 1848 totaque
595 1769 713 1847 legetur
733 1770 765 1827 in
788 1769 874 1842 urbe,

128 1866 281 1944 Stigmata
302 1886 358 1924 nec
379 1865 466 1924 valra
488 1865 603 1924 delebit
625 1865 795 1925 Cinnamus
816 1872 892 1926 arte.

129 1963 192 2022 Sed
214 1963 357 2021 miserere
380 1962 435 2034 tui,
459 1961 566 2021 rabido
589 1960 644 2020 nec
666 1962 805 2042 perditus
828 1982 880 2022 ore

129 2061 314 2120 Fumantem
335 2079 444 2117 nasum
466 2059 528 2116 vivi
551 2059 719 2117 tentaveris
741 2059 815 2118 ursi.

129 2157 179 2216 Sit
199 2155 338 2235 placidus
360 2155 431 2213 licet
453 2161 484 2213 et
496 2155 611 2214 lambat
632 2155 809 2236 digitosque
830 2175 1012 2235 manusque,

129 2254 165 2313 Si
187 2252 275 2312 dolor
295 2259 327 2311 et
346 2250 427 2323 bilis,
451 2252 474 2310 si
494 2252 577 2331 justa
599 2252 735 2329 coegerit
755 2253 811 2321 ira,

130 2350 229 2410 Ursus
251 2348 309 2408 erit
332 2366 339 2408 ε
363 2368 459 2408 vacua
480 2347 588 2407 dentes
609 2348 641 2407 in
664 2347 742 2428 pelle
759 2348 880 2426 fatiges,

129 2447 171 2506 Et
191 2445 318 2504 tacitam
340 2465 469 2525 quaeras,
494 2465 586 2524 quam
608 2445 708 2525 possis
729 2445 848 2519 rodere,
872 2465 1007 2506 carnem.

333 2755 418 2813 341.
438 2755 594 2812 martial
613 2756 638 2813 a
657 2768 724 2813 son
742 2756 847 2812 livre.

243 2875 414 2956 (Martialis
438 2875 520 2936 libro
541 2897 597 2936 suo
613 2876 768 2959 quaedam
791 2876 945 2957 mandat.)

149 3077 238 3139 Vade
260 3078 425 3139 salutatum
446 3099 503 3161 pro
523 3101 582 3154 me,
605 3079 683 3138 liber
707 3099 713 3140 :
736 3080 781 3138 ire
798 3080 918 3160 juberis

194 3175 243 3234 Ad
265 3175 387 3234 Proculi
409 3176 535 3249 nitidos,
560 3177 704 3250 officiose,
728 3175 816 3238 lares.
880 3191 881 3194 ’

149 3272 273 3340 Quaeris
293 3272 374 3333 iter?
395 3273 508 3332 dicam.
532 3273 676 3332 Vicinum
699 3274 829 3333 Castora
850 3294 935 3334 cauae

194 3369 353 3428 Transibis
369 3369 483 3443 Vestae,
507 3369 737 3449 virgineamque
759 3369 897 3430 domum.

150 3466 230 3527 lnde
252 3487 337 3526 sacro
358 3467 534 3527 veneranda
556 3475 641 3548 petes
663 3466 778 3526 Palatia
800 3466 892 3540 olive,

196 3562 413 3644 Plurimaque
435 3565 546 3622 summi
569 3563 667 3642 fulget
687 3564 789 3642 imago
811 3564 917 3625 Ducis.

151 3660 221 3720 Neo
242 3665 272 3718 te
293 3659 430 3720 detineat
450 3661 520 3719 miri
542 3661 659 3720 radiata
683 3661 802 3720 Colossi

195 3754 271 3822 Quae
291 3756 449 3816 Rhodium
472 3758 568 3817 moles
589 3759 712 3816 vincere
734 3758 847 3834 gaudet
868 3779 957 3839 opus.

521 3945 677 3996 -239-
