2678 4250
240 212 322 270 291.
342 216 416 270 Des
426 203 664 283 proportione
679 215 726 269 du
741 226 852 282 corps
864 213 1023 269 humain.

154 315 245 394 (Miro
259 317 348 377 modo
363 316 444 377 inter
457 339 489 378 se
502 339 606 378 omnes
622 317 759 399 corporis
769 325 876 400 partes
888 315 1109 396 consentiunt.)

172 447 292 529 Corpus
309 449 443 508 hominis
461 452 503 509 ita
527 458 635 510 natura
651 451 836 531 composuit,
863 449 908 509 uti
923 471 957 508 os
981 448 1091 529 capitis
1114 468 1137 507 a·
1158 441 1197 505 2⁸

132 554 237 604 mento
259 546 297 605 ad
318 548 451 607 frontem
470 569 619 610 summam
638 556 669 606 et
687 548 805 607 radices
830 548 907 606 imas
928 546 1031 626 capilli
1052 550 1132 604 esset

131 641 260 702 decimae
281 645 397 724 partis,
421 645 496 703 item
518 666 626 704 manus
649 645 748 724 palma
768 644 806 704 ab
822 645 952 704 articulo
970 643 1008 702 ad
1030 649 1131 702 extre÷

132 759 216 798 mum
240 741 375 801 medium
400 741 530 819 digitum
554 742 769 817 tantumdem;
794 750 889 822 caput
916 762 933 800 a
956 747 1060 800 mento
1093 737 1131 796 ad

132 857 285 896 summum
307 839 454 897 verticem
479 846 617 914 octavae,
643 839 688 898 ab·
704 859 825 898 summo
847 846 971 919 pectore
995 836 1131 897 adimas

132 933 251 993 radices
266 935 446 1015 capillorum
463 944 555 996 sextae
573 954 580 1010 ;
603 937 641 996 ad
660 957 814 996 summum
832 937 980 995 verticem
1002 940 1129 1015 quartae.

133 1031 234 1110 Ipsius
250 1041 352 1091 autem
368 1035 430 1092 oris
445 1033 616 1092 altitudinis
632 1035 721 1093 tertia
737 1055 807 1113 pars
826 1041 872 1092 est
887 1032 925 1092 ab
946 1033 1008 1091 imo
1028 1037 1146 1089 mento

133 1128 171 1186 ad
188 1128 265 1188 imas
286 1150 395 1203 nares;
418 1149 513 1190 nasus·
532 1132 569 1190 ab
590 1131 658 1190 imis
673 1131 798 1190 naribus
822 1131 860 1190 ad
880 1131 973 1188 finem
996 1127 1132 1187 medium

133 1222 368 1300 superciliorum
390 1223 603 1298 tantumdem;
635 1224 673 1283 ab
696 1243 733 1282 ea
760 1223 821 1283 fine
846 1223 884 1283 ad
908 1223 984 1281 imas
1015 1221 1133 1280 radices

132 1318 247 1398 capilli,
270 1320 322 1378 ubi
338 1318 421 1378 frons
435 1321 575 1394 efficitur,
588 1321 661 1380 item
672 1321 771 1379 tertiae
787 1321 893 1400 partie.
910 1319 968 1378 Pes
980 1339 1053 1377 vero
1066 1317 1133 1375 alti·

134 1414 250 1474 tudinis
263 1418 401 1496 corporis
417 1424 510 1476 sextae
524 1437 531 1491 ;
549 1417 671 1476 cubitus
686 1425 821 1496 quartae;
835 1424 943 1496 pectus
958 1416 1031 1475 item
1044 1435 1133 1495 quar-

132 1517 184 1570 tae.
203 1511 336 1591 Reliqua
348 1534 471 1592 quoque
488 1513 625 1572 membra
638 1535 710 1573 suos
726 1514 840 1573 habent
854 1532 1048 1573 commensus
1063 1531 1134 1590 pro-

134 1608 295 1687 portionis,
318 1611 430 1689 quibus
446 1611 536 1670 etiam
550 1611 669 1691 antiqui
688 1611 822 1690 pictores
837 1619 868 1670 et
889 1610 1027 1669 statuarii
1047 1607 1134 1666 nobi-

132 1704 177 1763 les
196 1707 242 1764 usi
264 1727 389 1786 magnas
409 1715 440 1766 et
458 1708 595 1766 infinitas
610 1707 716 1767 laudes
732 1716 804 1767 sunt
818 1708 959 1767 assecuti.
979 1707 1055 1765 ltem
1068 1726 1134 1764 cor·

133 1804 217 1882 poris
231 1812 371 1864 centrum
388 1805 523 1863 medium
540 1805 722 1864 naturaliter
736 1812 782 1863 est
797 1804 970 1863 umbilicus
995 1804 1134 1883 Namque

133 1900 159 1958 si
183 1900 276 1960 homo
304 1901 475 1960 collocatus
498 1902 591 1960 luerit
616 1901 755 1980 supinus,
781 1896 922 1960 manibus
946 1908 977 1958 et
1003 1899 1156 1979 pedibus-

133 1997 242 2076 passiS,
268 1997 438 2077 circinique
462 1997 646 2060 collocatum
671 2006 810 2058 centrum
832 1998 863 2056 in
888 1997 1034 2057 umbilico
1054 1996 1133 2076 ejus,

133 2094 373 2172 circumagendo
407 2095 659 2156 rotundationem
694 2104 894 2174 utrarumque
923 2112 1070 2154 manuum
1104 2100 1136 2151 et

134 2172 247 2270 pedum
264 2191 355 2268 digiti
370 2192 450 2250 linea
469 2199 643 2270 tangentur.
661 2194 738 2251 Item
754 2192 903 2271 quadrata
916 2189 1088 2268 designatio
1103 2190 1133 2248 in

133 2305 262 2364 corpore
286 2285 454 2344 invenitur.
482 2285 559 2343 Nam
582 2285 607 2343 si
634 2307 651 2344 a
674 2285 804 2365 pedibus
826 2284 895 2342 imis
919 2284 957 2342 ad
980 2303 1134 2342 summum

133 2388 228 2460 caput
243 2401 383 2440 mensum
400 2382 468 2454 erit,
486 2403 581 2461 eaque
599 2403 740 2441 mensura
756 2381 850 2440 relata
865 2381 958 2439 luerit
972 2381 1010 2438 ad
1026 2400 1135 2438 manus

133 2498 249 2556 passas,
266 2478 444 2537 invenietur
457 2478 563 2537 eadem
574 2478 705 2538 latitudo
721 2479 766 2538 uti
781 2477 922 2547 altitudo,
938 2477 1135 2558 quemadmo-

133 2573 208 2633 dum
224 2595 324 2648 areae,
340 2595 419 2654 quae
437 2574 475 2634 ad
490 2595 629 2634 normam
648 2582 720 2634 sunt
734 2575 911 2656 quadratae.

155 2751 237 2810 292.
257 2751 554 2810 connaissances
576 2752 812 2810 necessaires
828 2753 852 2809 a
871 2752 1116 2810 l’architecte.

155 2856 248 2936 (Quot
269 2863 298 2916 et
313 2855 439 2938 quantis
455 2855 632 2937 disciplinis
646 2856 811 2916 architecti
822 2856 952 2917 scientia
971 2856 1112 2936 constet.)

175 2988 344 3048 Architecti
362 2994 408 3046 est
422 2987 548 3047 scientia
563 2988 704 3068 pluribus
718 2988 889 3068 disciplinis
909 2996 940 3047 et
957 2988 1049 3048 variis
1065 3009 1132 3046 eru·
1145 3005 1200 3060 nh,

132 3085 305 3145 ditionibus
320 3092 438 3155 ornata,
457 3085 546 3166 cujus
558 3085 677 3165 judicio
690 3086 862 3165 probantur
878 3087 991 3155 omnia,
1009 3106 1077 3165 quae
1094 3086 1133 3143 ab

3 3187 4 3270 ᾗ
44 3261 46 3266 Ι
131 3183 245 3242 ceteris
265 3182 382 3242 artibus
399 3182 602 3261 perficiuntur
621 3203 724 3262 opera.
744 3183 787 3242 Ea
808 3183 944 3242 nascitur
966 3204 1002 3242 ex
1019 3182 1135 3241 fabrica

132 3287 167 3346 et
180 3279 425 3338 ratiocinatione.
442 3279 569 3337 Fabrica
584 3286 631 3337 est
645 3280 823 3338 continuata
838 3299 873 3338 ac
886 3279 957 3338 trita
971 3301 1028 3338 usu
1041 3279 1136 3338 medi-

131 3373 223 3444 tatio,
249 3393 309 3450 qua
331 3371 473 3429 manibus
497 3371 658 3450 perficitur
682 3393 697 3430 e
728 3372 855 3430 materia
893 3372 1135 3453 uniuscujusque

131 3469 254 3548 generis
268 3489 356 3548 opuS,
372 3474 400 3525 et
414 3467 452 3526 ad
463 3467 656 3547 propositum
670 3468 914 3528 deformationis,
928 3469 1135 3528 Ratiocinatio

130 3573 237 3626 autem
255 3572 310 3636 est,
336 3585 404 3644 quae
421 3585 469 3622 res
486 3564 650 3623 fabricatas
668 3564 804 3624 sollertia
821 3585 856 3623 ac
871 3565 990 3625 ratione
1009 3587 1136 3646 propor-

130 3664 229 3724 tionis
244 3662 453 3721 demonstrare
473 3668 564 3741 atque
585 3661 738 3740 explicare
758 3668 869 3740 potest.
894 3663 1001 3744 ltaque
1016 3683 1084 3722 eum
1106 3671 1136 3722 et

130 3760 328 3838 ingeniosum
344 3779 410 3816 esse
425 3765 558 3838 oportet,
576 3759 657 3816 etad
674 3757 851 3837 disciplinas
865 3759 996 3818 docilem
1025 3763 1134 3838 (neque

130 3857 217 3918 enim
233 3855 390 3933 ingenium
408 3855 473 3913 sine
488 3854 660 3933 disciplina,
678 3862 731 3913 aut
748 3855 909 3935 disciplina
926 3857 990 3914 sine
1011 3857 1134 3932 ingenio

558 3991 593 3999 -
612 3962 662 4012 205
682 3990 716 3999 -
