<?xml version="1.0" encoding="UTF-8"?>
<!DOCTYPE html PUBLIC "-//W3C//DTD XHTML 1.0 Transitional//EN"
    "http://www.w3.org/TR/xhtml1/DTD/xhtml1-transitional.dtd">
<html xmlns="http://www.w3.org/1999/xhtml" xml:lang="en" lang="en">
 <head>
  <title>
</title>
<meta http-equiv="Content-Type" content="text/html;charset=utf-8" />
  <meta name='ocr-system' content='tesseract 3.04.00' />
  <meta name='ocr-capabilities' content='ocr_page ocr_carea ocr_par ocr_line ocrx_word'/>
</head>
<body>
  <div class='ocr_page' id='page_1' title='image "./depublicaprivat00arnagoog_0338.png"; bbox 0 0 2682 4258; ppageno 0'>
   <div class='ocr_carea' id='block_1_1' title="bbox 118 147 1120 223">
    <p class='ocr_par' dir='ltr' id='par_1_1' title="bbox 118 147 1120 223">
     <span class='ocr_line' id='line_1_1' title="bbox 118 147 1120 223; baseline -0.005 -4"><span class='ocrx_word' id='word_1_1' title='bbox 118 147 228 220; x_wconf 64' lang='lat' dir='ltr'>robers.</span> <span class='ocrx_word' id='word_1_2' title='bbox 245 191 284 203; x_wconf 98' lang='lat'>-</span> <span class='ocrx_word' id='word_1_3' title='bbox 299 162 415 218; x_wconf 73' lang='lat' dir='ltr'>scarus,</span> <span class='ocrx_word' id='word_1_4' title='bbox 435 191 474 203; x_wconf 98' lang='lat'>-</span> <span class='ocrx_word' id='word_1_5' title='bbox 491 159 666 223; x_wconf 78' lang='lat' dir='ltr'>ilnoouuncu.</span> <span class='ocrx_word' id='word_1_6' title='bbox 684 189 721 200; x_wconf 95' lang='lat'>-</span> <span class='ocrx_word' id='word_1_7' title='bbox 736 175 899 216; x_wconf 74' lang='lat' dir='ltr'>oanruuns.</span> <span class='ocrx_word' id='word_1_8' title='bbox 917 188 955 200; x_wconf 92' lang='lat'>—</span> <span class='ocrx_word' id='word_1_9' title='bbox 970 155 1120 214; x_wconf 74' lang='lat' dir='ltr'>andraeas</span> 
     </span>
    </p>
   </div>
   <div class='ocr_carea' id='block_1_2' title="bbox 358 654 889 750">
    <p class='ocr_par' dir='ltr' id='par_1_2' title="bbox 358 654 889 750">
     <span class='ocr_line' id='line_1_2' title="bbox 358 654 889 750; baseline -0.011 -32"><span class='ocrx_word' id='word_1_10' title='bbox 358 657 442 718; x_wconf 83' lang='lat'>388.</span> <span class='ocrx_word' id='word_1_11' title='bbox 461 654 544 716; x_wconf 74' lang='lat' dir='ltr'>Iseo</span> <span class='ocrx_word' id='word_1_12' title='bbox 561 656 889 750; x_wconf 82' lang='lat' dir='ltr'>l&#39;lmprovtsateur..</span> 
     </span>
    </p>
   </div>
   <div class='ocr_carea' id='block_1_3' title="bbox 306 872 1017 958">
    <p class='ocr_par' dir='ltr' id='par_1_3' title="bbox 306 872 1017 958">
     <span class='ocr_line' id='line_1_3' title="bbox 306 872 1017 958; baseline -0.007 -19"><span class='ocrx_word' id='word_1_13' title='bbox 306 875 363 958; x_wconf 74' lang='lat' dir='ltr'>(De</span> <span class='ocrx_word' id='word_1_14' title='bbox 382 874 464 938; x_wconf 79' lang='lat' dir='ltr'>Iacet</span> <span class='ocrx_word' id='word_1_15' title='bbox 484 874 620 957; x_wconf 78' lang='lat' dir='ltr'>rhetoris</span> <span class='ocrx_word' id='word_1_16' title='bbox 642 872 936 957; x_wconf 77' lang='lat' dir='ltr'>extemporalitate.)</span> <span class='ocrx_word' id='word_1_17' title='bbox 1015 881 1017 885; x_wconf 88' lang='grc'><strong>’</strong></span> 
     </span>
    </p>
   </div>
   <div class='ocr_carea' id='block_1_4' title="bbox 109 1267 1193 3790">
    <p class='ocr_par' dir='ltr' id='par_1_4' title="bbox 109 1267 1193 3790">
     <span class='ocr_line' id='line_1_4' title="bbox 134 1267 1189 1362; baseline -0.006 -20"><span class='ocrx_word' id='word_1_18' title='bbox 134 1313 136 1318; x_wconf 36' lang='lat' dir='ltr'>v</span> <span class='ocrx_word' id='word_1_19' title='bbox 159 1281 275 1360; x_wconf 85' lang='lat' dir='ltr'>Magna</span> <span class='ocrx_word' id='word_1_20' title='bbox 300 1281 409 1342; x_wconf 89' lang='lat' dir='ltr'>lsacum</span> <span class='ocrx_word' id='word_1_21' title='bbox 432 1281 512 1342; x_wconf 81' lang='lat' dir='ltr'>lama</span> <span class='ocrx_word' id='word_1_22' title='bbox 533 1287 747 1362; x_wconf 87' lang='lat' dir='ltr'>praecesserat;</span> <span class='ocrx_word' id='word_1_23' title='bbox 770 1281 869 1361; x_wconf 85' lang='lat' dir='ltr'>major</span> <span class='ocrx_word' id='word_1_24' title='bbox 886 1279 1034 1338; x_wconf 87' lang='lat' dir='ltr'>inventus</span> <span class='ocrx_word' id='word_1_25' title='bbox 1059 1284 1115 1338; x_wconf 87' lang='lat' dir='ltr'>est.</span> <span class='ocrx_word' id='word_1_26' title='bbox 1130 1267 1189 1326; x_wconf 60' lang='lat' dir='ltr'>flhr</span> 
     </span>
     <span class='ocr_line' id='line_1_5' title="bbox 119 1369 1122 1460; baseline -0.005 -23"><span class='ocrx_word' id='word_1_27' title='bbox 119 1378 247 1438; x_wconf 89' lang='lat' dir='ltr'>Summa</span> <span class='ocrx_word' id='word_1_28' title='bbox 264 1388 311 1438; x_wconf 90' lang='lat' dir='ltr'>est</span> <span class='ocrx_word' id='word_1_29' title='bbox 328 1378 468 1451; x_wconf 80' lang='lat' dir='ltr'>facultas,</span> <span class='ocrx_word' id='word_1_30' title='bbox 487 1379 587 1460; x_wconf 89' lang='lat' dir='ltr'>copia,</span> <span class='ocrx_word' id='word_1_31' title='bbox 607 1374 731 1439; x_wconf 85' lang='lat' dir='ltr'>ub&#39;ertas</span> <span class='ocrx_word' id='word_1_32' title='bbox 745 1398 752 1437; x_wconf 93' lang='lat'><strong>:</strong></span> <span class='ocrx_word' id='word_1_33' title='bbox 768 1376 845 1437; x_wconf 88' lang='lat' dir='ltr'>dicit</span> <span class='ocrx_word' id='word_1_34' title='bbox 862 1369 1031 1457; x_wconf 85' lang='lat' dir='ltr'>seinperex</span> <span class='ocrx_word' id='word_1_35' title='bbox 1044 1381 1122 1433; x_wconf 86' lang='lat' dir='ltr'>tem·</span> 
     </span>
     <span class='ocr_line' id='line_1_6' title="bbox 116 1471 1122 1555; baseline -0.005 -21"><span class='ocrx_word' id='word_1_36' title='bbox 116 1496 204 1555; x_wconf 91' lang='lat' dir='ltr'>pore,</span> <span class='ocrx_word' id='word_1_37' title='bbox 221 1475 273 1534; x_wconf 87' lang='lat' dir='ltr'>sed</span> <span class='ocrx_word' id='word_1_38' title='bbox 296 1485 451 1554; x_wconf 78' lang='lat' dir='ltr'>tamquam</span> <span class='ocrx_word' id='word_1_39' title='bbox 469 1476 523 1534; x_wconf 91' lang='lat' dir='ltr'>diu</span> <span class='ocrx_word' id='word_1_40' title='bbox 547 1475 716 1555; x_wconf 81' lang='lat' dir='ltr'><strong>scripserit.</strong></span> <span class='ocrx_word' id='word_1_41' title='bbox 739 1475 846 1533; x_wconf 91' lang='lat' dir='ltr'>Sermo</span> <span class='ocrx_word' id='word_1_42' title='bbox 870 1473 1008 1546; x_wconf 87' lang='lat' dir='ltr'>Graecus,</span> <span class='ocrx_word' id='word_1_43' title='bbox 1027 1471 1122 1530; x_wconf 91' lang='lat' dir='ltr'>immo</span> 
     </span>
     <span class='ocr_line' id='line_1_7' title="bbox 117 1553 1124 1652; baseline -0.006 -20"><span class='ocrx_word' id='word_1_44' title='bbox 117 1573 262 1632; x_wconf 87' lang='lat' dir='ltr'>Atticus:</span> <span class='ocrx_word' id='word_1_45' title='bbox 282 1573 480 1652; x_wconf 77' lang='lat' dir='ltr'>praefationes</span> <span class='ocrx_word' id='word_1_46' title='bbox 495 1579 596 1646; x_wconf 88' lang='lat' dir='ltr'>tersae,</span> <span class='ocrx_word' id='word_1_47' title='bbox 613 1553 758 1649; x_wconf 78' lang='lat' dir='ltr'>graciles,</span> <span class='ocrx_word' id='word_1_48' title='bbox 771 1571 887 1640; x_wconf 90' lang='lat' dir='ltr'>dulces,</span> <span class='ocrx_word' id='word_1_49' title='bbox 902 1590 1011 1648; x_wconf 88' lang='lat' dir='ltr'>graves</span> <span class='ocrx_word' id='word_1_50' title='bbox 1027 1569 1124 1627; x_wconf 91' lang='lat' dir='ltr'>inter-</span> 
     </span>
     <span class='ocr_line' id='line_1_8' title="bbox 115 1667 1122 1748; baseline 0 -24"><span class='ocrx_word' id='word_1_51' title='bbox 115 1668 191 1728; x_wconf 85' lang='lat' dir='ltr'>‹lum</span> <span class='ocrx_word' id='word_1_52' title='bbox 222 1676 253 1728; x_wconf 89' lang='lat' dir='ltr'>et</span> <span class='ocrx_word' id='word_1_53' title='bbox 279 1676 399 1729; x_wconf 85' lang='lat' dir='ltr'>erectae.</span> <span class='ocrx_word' id='word_1_54' title='bbox 431 1669 524 1728; x_wconf 83' lang='lat' dir='ltr'><strong>Ponit</strong></span> <span class='ocrx_word' id='word_1_55' title='bbox 545 1669 770 1728; x_wconf 87' lang='lat' dir='ltr'>controversias</span> <span class='ocrx_word' id='word_1_56' title='bbox 797 1668 912 1748; x_wconf 86' lang='lat' dir='ltr'>plures,</span> <span class='ocrx_word' id='word_1_57' title='bbox 940 1667 1122 1726; x_wconf 75' lang='lat' dir='ltr'>electionem</span> 
     </span>
     <span class='ocr_line' id='line_1_9' title="bbox 116 1763 1120 1846; baseline -0.008 -19"><span class='ocrx_word' id='word_1_58' title='bbox 116 1765 311 1828; x_wconf 82' lang='lat' dir='ltr'>auditoribus</span> <span class='ocrx_word' id='word_1_59' title='bbox 327 1766 492 1845; x_wconf 90' lang='lat' dir='ltr'>permittit,</span> <span class='ocrx_word' id='word_1_60' title='bbox 506 1765 586 1846; x_wconf 74' lang='lat' dir='ltr'>saepe</span> <span class='ocrx_word' id='word_1_61' title='bbox 597 1767 688 1824; x_wconf 89' lang='lat' dir='ltr'>etiam</span> <span class='ocrx_word' id='word_1_62' title='bbox 701 1773 803 1845; x_wconf 83' lang='lat' dir='ltr'>partes</span> <span class='ocrx_word' id='word_1_63' title='bbox 817 1787 825 1825; x_wconf 74' lang='grc' dir='ltr'><em>τ</em></span> <span class='ocrx_word' id='word_1_64' title='bbox 845 1765 953 1842; x_wconf 80' lang='lat' dir='ltr'>surgit,</span> <span class='ocrx_word' id='word_1_65' title='bbox 966 1763 1120 1833; x_wconf 82' lang='lat' dir='ltr'>amicitur,</span> 
     </span>
     <span class='ocr_line' id='line_1_10' title="bbox 115 1859 1124 1943; baseline -0.005 -22"><span class='ocrx_word' id='word_1_66' title='bbox 115 1863 237 1943; x_wconf 84' lang='lat' dir='ltr'>incipit.</span> <span class='ocrx_word' id='word_1_67' title='bbox 255 1863 365 1924; x_wconf 83' lang='lat' dir='ltr'>Statim</span> <span class='ocrx_word' id='word_1_68' title='bbox 385 1863 487 1922; x_wconf 88' lang='lat' dir='ltr'>omnia</span> <span class='ocrx_word' id='word_1_69' title='bbox 507 1883 542 1922; x_wconf 86' lang='lat' dir='ltr'>ac</span> <span class='ocrx_word' id='word_1_70' title='bbox 557 1883 645 1942; x_wconf 83' lang='lat' dir='ltr'>paenc</span> <span class='ocrx_word' id='word_1_71' title='bbox 660 1863 775 1942; x_wconf 89' lang='lat' dir='ltr'>pariter</span> <span class='ocrx_word' id='word_1_72' title='bbox 793 1861 831 1921; x_wconf 91' lang='lat' dir='ltr'>ad</span> <span class='ocrx_word' id='word_1_73' title='bbox 850 1859 975 1920; x_wconf 90' lang='lat' dir='ltr'>manum</span> <span class='ocrx_word' id='word_1_74' title='bbox 992 1879 999 1920; x_wconf 74' lang='grc' dir='ltr'><strong>ε</strong></span> <span class='ocrx_word' id='word_1_75' title='bbox 1015 1880 1124 1918; x_wconf 89' lang='lat' dir='ltr'>sensus</span> 
     </span>
     <span class='ocr_line' id='line_1_11' title="bbox 115 1955 1121 2039; baseline -0.003 -22"><span class='ocrx_word' id='word_1_76' title='bbox 115 1960 271 2019; x_wconf 85' lang='lat' dir='ltr'>reconditi</span> <span class='ocrx_word' id='word_1_77' title='bbox 286 1968 460 2032; x_wconf 86' lang='lat' dir='ltr'>occursant,</span> <span class='ocrx_word' id='word_1_78' title='bbox 475 1961 580 2032; x_wconf 89' lang='lat' dir='ltr'>verba,</span> <span class='ocrx_word' id='word_1_79' title='bbox 597 1959 648 2018; x_wconf 90' lang='lat' dir='ltr'>sed</span> <span class='ocrx_word' id='word_1_80' title='bbox 665 1958 765 2039; x_wconf 88' lang='lat' dir='ltr'>qualia</span> <span class='ocrx_word' id='word_1_81' title='bbox 780 1961 786 2017; x_wconf 91' lang='lat'>!</span> <span class='ocrx_word' id='word_1_82' title='bbox 804 1958 933 2036; x_wconf 86' lang='lat' dir='ltr'>quaesita</span> <span class='ocrx_word' id='word_1_83' title='bbox 946 1964 977 2016; x_wconf 91' lang='lat' dir='ltr'>et</span> <span class='ocrx_word' id='word_1_84' title='bbox 988 1955 1121 2016; x_wconf 88' lang='lat' dir='ltr'>exculta.</span> 
     </span>
     <span class='ocr_line' id='line_1_12' title="bbox 117 2053 1124 2135; baseline -0.006 -19"><span class='ocrx_word' id='word_1_85' title='bbox 117 2056 219 2116; x_wconf 90' lang='lat' dir='ltr'>Multa</span> <span class='ocrx_word' id='word_1_86' title='bbox 252 2056 346 2117; x_wconf 89' lang='lat' dir='ltr'>lectio</span> <span class='ocrx_word' id='word_1_87' title='bbox 374 2058 406 2116; x_wconf 90' lang='lat' dir='ltr'>in</span> <span class='ocrx_word' id='word_1_88' title='bbox 437 2057 557 2128; x_wconf 84' lang='lat' dir='ltr'>subitis,</span> <span class='ocrx_word' id='word_1_89' title='bbox 589 2055 686 2114; x_wconf 89' lang='lat' dir='ltr'>multa</span> <span class='ocrx_word' id='word_1_90' title='bbox 719 2055 846 2135; x_wconf 88' lang='lat' dir='ltr'>scriptio</span> <span class='ocrx_word' id='word_1_91' title='bbox 878 2055 988 2113; x_wconf 85' lang='lat' dir='ltr'>elucet.</span> <span class='ocrx_word' id='word_1_92' title='bbox 1017 2053 1124 2112; x_wconf 88' lang='lat' dir='ltr'>Prooe-</span> 
     </span>
     <span class='ocr_line' id='line_1_13' title="bbox 115 2150 1121 2233; baseline -0.005 -21"><span class='ocrx_word' id='word_1_93' title='bbox 115 2154 232 2213; x_wconf 90' lang='lat' dir='ltr'>miatur</span> <span class='ocrx_word' id='word_1_94' title='bbox 245 2160 326 2233; x_wconf 87' lang='lat' dir='ltr'>apte,</span> <span class='ocrx_word' id='word_1_95' title='bbox 338 2161 442 2212; x_wconf 88' lang='lat' dir='ltr'>narrat</span> <span class='ocrx_word' id='word_1_96' title='bbox 456 2161 572 2233; x_wconf 86' lang='lat' dir='ltr'>aperte,</span> <span class='ocrx_word' id='word_1_97' title='bbox 589 2161 706 2233; x_wconf 89' lang='lat' dir='ltr'>pugnat</span> <span class='ocrx_word' id='word_1_98' title='bbox 721 2153 842 2226; x_wconf 89' lang='lat' dir='ltr'>acriter,</span> <span class='ocrx_word' id='word_1_99' title='bbox 860 2151 979 2228; x_wconf 82' lang='lat' dir='ltr'>colligit</span> <span class='ocrx_word' id='word_1_100' title='bbox 988 2150 1121 2219; x_wconf 86' lang='lat' dir='ltr'>fortiter,</span> 
     </span>
     <span class='ocr_line' id='line_1_14' title="bbox 114 2246 1124 2330; baseline -0.006 -20"><span class='ocrx_word' id='word_1_101' title='bbox 114 2257 209 2310; x_wconf 86' lang='lat' dir='ltr'>ornat</span> <span class='ocrx_word' id='word_1_102' title='bbox 241 2251 375 2323; x_wconf 73' lang='lat' dir='ltr'>excelse,</span> <span class='ocrx_word' id='word_1_103' title='bbox 406 2259 562 2330; x_wconf 88' lang='lat' dir='ltr'>postremo</span> <span class='ocrx_word' id='word_1_104' title='bbox 590 2250 690 2320; x_wconf 89' lang='lat' dir='ltr'>docet,</span> <span class='ocrx_word' id='word_1_105' title='bbox 725 2249 870 2323; x_wconf 88' lang='lat' dir='ltr'>delectat,</span> <span class='ocrx_word' id='word_1_106' title='bbox 904 2249 1022 2308; x_wconf 85' lang='lat' dir='ltr'>afficit:</span> <span class='ocrx_word' id='word_1_107' title='bbox 1048 2246 1124 2327; x_wconf 92' lang='lat' dir='ltr'>quid</span> 
     </span>
     <span class='ocr_line' id='line_1_15' title="bbox 115 2344 1121 2426; baseline -0.003 -20"><span class='ocrx_word' id='word_1_108' title='bbox 115 2348 262 2422; x_wconf 85' lang='lat' dir='ltr'>maxime,</span> <span class='ocrx_word' id='word_1_109' title='bbox 289 2347 423 2407; x_wconf 79' lang='lat' dir='ltr'>dubites</span> <span class='ocrx_word' id='word_1_110' title='bbox 453 2347 568 2406; x_wconf 89' lang='lat' dir='ltr'>Crebra</span> <span class='ocrx_word' id='word_1_111' title='bbox 595 2351 786 2426; x_wconf 72' lang='grc' dir='ltr'>ἐνθυμήματα,</span> <span class='ocrx_word' id='word_1_112' title='bbox 813 2347 912 2406; x_wconf 88' lang='lat' dir='ltr'>crebri</span> <span class='ocrx_word' id='word_1_113' title='bbox 941 2344 1121 2425; x_wconf 77' lang='lat' dir='ltr'>syllogismi,</span> 
     </span>
     <span class='ocr_line' id='line_1_16' title="bbox 114 2443 1123 2525; baseline -0.006 -20"><span class='ocrx_word' id='word_1_114' title='bbox 114 2445 343 2525; x_wconf 86' lang='lat' dir='ltr'>circumscripti</span> <span class='ocrx_word' id='word_1_115' title='bbox 354 2451 385 2504; x_wconf 89' lang='lat' dir='ltr'>et</span> <span class='ocrx_word' id='word_1_116' title='bbox 398 2445 498 2503; x_wconf 82' lang='lat' dir='ltr'>effecti</span> <span class='ocrx_word' id='word_1_117' title='bbox 511 2463 518 2504; x_wconf 91' lang='lat'>:</span> <span class='ocrx_word' id='word_1_118' title='bbox 535 2443 618 2523; x_wconf 91' lang='lat' dir='ltr'>quod</span> <span class='ocrx_word' id='word_1_119' title='bbox 630 2443 700 2502; x_wconf 91' lang='lat' dir='ltr'>stilo</span> <span class='ocrx_word' id='word_1_120' title='bbox 711 2463 834 2523; x_wconf 87' lang='lat' dir='ltr'>quoque</span> <span class='ocrx_word' id='word_1_121' title='bbox 845 2443 967 2522; x_wconf 83' lang='lat' dir='ltr'>assequi</span> <span class='ocrx_word' id='word_1_122' title='bbox 977 2461 1123 2520; x_wconf 90' lang='lat' dir='ltr'>magnum</span> 
     </span>
     <span class='ocr_line' id='line_1_17' title="bbox 115 2539 1193 2620; baseline -0.006 -18"><span class='ocrx_word' id='word_1_123' title='bbox 115 2549 174 2602; x_wconf 91' lang='lat' dir='ltr'>cst.</span> <span class='ocrx_word' id='word_1_124' title='bbox 192 2541 386 2601; x_wconf 88' lang='lat' dir='ltr'>Incredibilis</span> <span class='ocrx_word' id='word_1_125' title='bbox 402 2541 551 2600; x_wconf 89' lang='lat' dir='ltr'>memoria</span> <span class='ocrx_word' id='word_1_126' title='bbox 566 2561 573 2600; x_wconf 93' lang='lat'>:</span> <span class='ocrx_word' id='word_1_127' title='bbox 590 2539 702 2620; x_wconf 89' lang='lat' dir='ltr'>repetit</span> <span class='ocrx_word' id='word_1_128' title='bbox 713 2541 805 2599; x_wconf 91' lang='lat' dir='ltr'>altius</span> <span class='ocrx_word' id='word_1_129' title='bbox 818 2561 887 2620; x_wconf 84' lang='lat' dir='ltr'>quae</span> <span class='ocrx_word' id='word_1_130' title='bbox 902 2539 981 2598; x_wconf 87' lang='lat' dir='ltr'>dixit</span> <span class='ocrx_word' id='word_1_131' title='bbox 996 2546 1123 2597; x_wconf 88' lang='lat' dir='ltr'>extem·</span> <span class='ocrx_word' id='word_1_132' title='bbox 1184 2544 1193 2566; x_wconf 83' lang='lat'><strong><em>‘</em></strong></span> 
     </span>
     <span class='ocr_line' id='line_1_18' title="bbox 116 2635 1124 2718; baseline -0.005 -20"><span class='ocrx_word' id='word_1_133' title='bbox 116 2659 206 2718; x_wconf 90' lang='lat' dir='ltr'>pore,</span> <span class='ocrx_word' id='word_1_134' title='bbox 223 2659 261 2698; x_wconf 90' lang='lat' dir='ltr'>ne</span> <span class='ocrx_word' id='word_1_135' title='bbox 284 2638 381 2698; x_wconf 89' lang='lat' dir='ltr'>verbo</span> <span class='ocrx_word' id='word_1_136' title='bbox 399 2638 522 2718; x_wconf 89' lang='lat' dir='ltr'>quidem</span> <span class='ocrx_word' id='word_1_137' title='bbox 545 2637 669 2696; x_wconf 83' lang='lat' dir='ltr'>labitur.</span> <span class='ocrx_word' id='word_1_138' title='bbox 693 2637 740 2696; x_wconf 90' lang='lat' dir='ltr'>Ad</span> <span class='ocrx_word' id='word_1_139' title='bbox 759 2645 875 2696; x_wconf 88' lang='lat' dir='ltr'>tantam</span> <span class='ocrx_word' id='word_1_140' title='bbox 897 2636 948 2706; x_wconf 70' lang='grc' dir='ltr'>’ἕξιν</span> <span class='ocrx_word' id='word_1_141' title='bbox 967 2635 1072 2694; x_wconf 93' lang='lat' dir='ltr'>studio</span> <span class='ocrx_word' id='word_1_142' title='bbox 1092 2641 1124 2693; x_wconf 88' lang='lat' dir='ltr'>et</span> 
     </span>
     <span class='ocr_line' id='line_1_19' title="bbox 113 2731 1123 2815; baseline -0.006 -20"><span class='ocrx_word' id='word_1_143' title='bbox 113 2735 337 2802; x_wconf 85' lang='lat' dir='ltr'>exercitatione</span> <span class='ocrx_word' id='word_1_144' title='bbox 348 2735 501 2815; x_wconf 90' lang='lat' dir='ltr'>pervenit.</span> <span class='ocrx_word' id='word_1_145' title='bbox 524 2735 601 2794; x_wconf 90' lang='lat' dir='ltr'>Nam</span> <span class='ocrx_word' id='word_1_146' title='bbox 618 2734 728 2793; x_wconf 88' lang='lat' dir='ltr'>diebus</span> <span class='ocrx_word' id='word_1_147' title='bbox 744 2741 774 2792; x_wconf 91' lang='lat' dir='ltr'>et</span> <span class='ocrx_word' id='word_1_148' title='bbox 789 2733 931 2792; x_wconf 90' lang='lat' dir='ltr'>noctibus</span> <span class='ocrx_word' id='word_1_149' title='bbox 947 2732 1024 2791; x_wconf 91' lang='lat' dir='ltr'>nihil</span> <span class='ocrx_word' id='word_1_150' title='bbox 1037 2731 1123 2790; x_wconf 89' lang='lat' dir='ltr'>aliud</span> 
     </span>
     <span class='ocr_line' id='line_1_20' title="bbox 113 2830 1124 2911; baseline -0.004 -20"><span class='ocrx_word' id='word_1_151' title='bbox 113 2833 192 2910; x_wconf 84' lang='lat' dir='ltr'>agit,</span> <span class='ocrx_word' id='word_1_152' title='bbox 206 2832 282 2891; x_wconf 93' lang='lat' dir='ltr'>nihil</span> <span class='ocrx_word' id='word_1_153' title='bbox 292 2832 389 2904; x_wconf 87' lang='lat' dir='ltr'>audit,</span> <span class='ocrx_word' id='word_1_154' title='bbox 400 2831 476 2890; x_wconf 93' lang='lat' dir='ltr'>nihil</span> <span class='ocrx_word' id='word_1_155' title='bbox 489 2832 637 2911; x_wconf 91' lang='lat' dir='ltr'>loquitur.</span> <span class='ocrx_word' id='word_1_156' title='bbox 649 2835 774 2890; x_wconf 85' lang='lat' dir='ltr'>Annum</span> <span class='ocrx_word' id='word_1_157' title='bbox 788 2830 1011 2908; x_wconf 84' lang='lat' dir='ltr'>sexagesimum</span> <span class='ocrx_word' id='word_1_158' title='bbox 1021 2849 1124 2888; x_wconf 86' lang='lat' dir='ltr'>exces-</span> 
     </span>
     <span class='ocr_line' id='line_1_21' title="bbox 113 2926 1122 3008; baseline -0.007 -19"><span class='ocrx_word' id='word_1_159' title='bbox 113 2930 168 3004; x_wconf 86' lang='lat' dir='ltr'>sit,</span> <span class='ocrx_word' id='word_1_160' title='bbox 183 2939 214 2988; x_wconf 91' lang='lat' dir='ltr'>et</span> <span class='ocrx_word' id='word_1_161' title='bbox 226 2929 327 2990; x_wconf 91' lang='lat' dir='ltr'>adbuc</span> <span class='ocrx_word' id='word_1_162' title='bbox 337 2929 540 2988; x_wconf 85' lang='lat' dir='ltr'>scholasticus</span> <span class='ocrx_word' id='word_1_163' title='bbox 551 2935 671 2986; x_wconf 84' lang='lat' dir='ltr'>tantum</span> <span class='ocrx_word' id='word_1_164' title='bbox 684 2934 731 2986; x_wconf 92' lang='lat' dir='ltr'>est</span> <span class='ocrx_word' id='word_1_165' title='bbox 742 2947 749 2988; x_wconf 89' lang='lat'>:</span> <span class='ocrx_word' id='word_1_166' title='bbox 762 2948 824 3008; x_wconf 92' lang='lat' dir='ltr'>quo</span> <span class='ocrx_word' id='word_1_167' title='bbox 840 2947 950 3006; x_wconf 87' lang='lat' dir='ltr'>genere</span> <span class='ocrx_word' id='word_1_168' title='bbox 961 2926 1122 2984; x_wconf 92' lang='lat' dir='ltr'>hominum</span> 
     </span>
     <span class='ocr_line' id='line_1_22' title="bbox 115 3022 1122 3104; baseline -0.008 -16"><span class='ocrx_word' id='word_1_169' title='bbox 115 3026 195 3088; x_wconf 84' lang='lat' dir='ltr'>nihil</span> <span class='ocrx_word' id='word_1_170' title='bbox 219 3036 272 3086; x_wconf 85' lang='lat' dir='ltr'>aut</span> <span class='ocrx_word' id='word_1_171' title='bbox 296 3027 458 3096; x_wconf 88' lang='lat' dir='ltr'>sincerius,</span> <span class='ocrx_word' id='word_1_172' title='bbox 486 3035 539 3086; x_wconf 92' lang='lat' dir='ltr'>aut</span> <span class='ocrx_word' id='word_1_173' title='bbox 565 3025 685 3084; x_wconf 90' lang='lat' dir='ltr'>melius.</span> <span class='ocrx_word' id='word_1_174' title='bbox 715 3025 778 3083; x_wconf 93' lang='lat' dir='ltr'>Nos</span> <span class='ocrx_word' id='word_1_175' title='bbox 801 3025 894 3096; x_wconf 89' lang='lat' dir='ltr'>enim,</span> <span class='ocrx_word' id='word_1_176' title='bbox 921 3024 973 3104; x_wconf 90' lang='lat' dir='ltr'>qui</span> <span class='ocrx_word' id='word_1_177' title='bbox 1000 3023 1032 3081; x_wconf 90' lang='lat' dir='ltr'>in</span> <span class='ocrx_word' id='word_1_178' title='bbox 1053 3022 1122 3081; x_wconf 90' lang='lat' dir='ltr'>foro</span> 
     </span>
     <span class='ocr_line' id='line_1_23' title="bbox 114 3119 1122 3203; baseline -0.004 -23"><span class='ocrx_word' id='word_1_179' title='bbox 114 3123 260 3203; x_wconf 85' lang='lat' dir='ltr'>verisque</span> <span class='ocrx_word' id='word_1_180' title='bbox 280 3122 386 3182; x_wconf 92' lang='lat' dir='ltr'>litibus</span> <span class='ocrx_word' id='word_1_181' title='bbox 411 3123 553 3193; x_wconf 90' lang='lat' dir='ltr'>terimur,</span> <span class='ocrx_word' id='word_1_182' title='bbox 573 3122 704 3181; x_wconf 90' lang='lat' dir='ltr'>multum</span> <span class='ocrx_word' id='word_1_183' title='bbox 723 3121 859 3191; x_wconf 66' lang='lat' dir='ltr'>malitiae,</span> <span class='ocrx_word' id='word_1_184' title='bbox 881 3119 1022 3201; x_wconf 91' lang='lat' dir='ltr'>quamvis</span> <span class='ocrx_word' id='word_1_185' title='bbox 1045 3119 1122 3179; x_wconf 88' lang='lat' dir='ltr'>noli-</span> 
     </span>
     <span class='ocr_line' id='line_1_24' title="bbox 115 3218 1122 3292; baseline -0.006 -12"><span class='ocrx_word' id='word_1_186' title='bbox 115 3241 197 3292; x_wconf 82' lang='lat' dir='ltr'>mus,</span> <span class='ocrx_word' id='word_1_187' title='bbox 216 3219 415 3280; x_wconf 88' lang='lat' dir='ltr'>addiscimus.</span> <span class='ocrx_word' id='word_1_188' title='bbox 434 3219 547 3279; x_wconf 88' lang='lat' dir='ltr'>Schola</span> <span class='ocrx_word' id='word_1_189' title='bbox 565 3228 596 3278; x_wconf 89' lang='lat' dir='ltr'>et</span> <span class='ocrx_word' id='word_1_190' title='bbox 610 3218 800 3278; x_wconf 92' lang='lat' dir='ltr'>auditorium</span> <span class='ocrx_word' id='word_1_191' title='bbox 823 3226 854 3277; x_wconf 93' lang='lat' dir='ltr'>et</span> <span class='ocrx_word' id='word_1_192' title='bbox 874 3218 945 3277; x_wconf 90' lang='lat' dir='ltr'>ficta</span> <span class='ocrx_word' id='word_1_193' title='bbox 965 3237 1057 3276; x_wconf 90' lang='lat' dir='ltr'>causa</span> <span class='ocrx_word' id='word_1_194' title='bbox 1074 3237 1122 3275; x_wconf 88' lang='lat' dir='ltr'>res</span> 
     </span>
     <span class='ocr_line' id='line_1_25' title="bbox 114 3313 1116 3398; baseline -0.006 -22"><span class='ocrx_word' id='word_1_195' title='bbox 114 3318 255 3384; x_wconf 76' lang='lat' dir='ltr'>inermia,</span> <span class='ocrx_word' id='word_1_196' title='bbox 277 3317 403 3398; x_wconf 85' lang='lat' dir='ltr'>innoxia</span> <span class='ocrx_word' id='word_1_197' title='bbox 423 3324 479 3387; x_wconf 90' lang='lat' dir='ltr'>est,</span> <span class='ocrx_word' id='word_1_198' title='bbox 502 3337 557 3376; x_wconf 91' lang='lat' dir='ltr'>uec</span> <span class='ocrx_word' id='word_1_199' title='bbox 577 3317 679 3375; x_wconf 90' lang='lat' dir='ltr'>minus</span> <span class='ocrx_word' id='word_1_200' title='bbox 693 3315 778 3392; x_wconf 85' lang='lat' dir='ltr'>felix,</span> <span class='ocrx_word' id='word_1_201' title='bbox 798 3315 923 3374; x_wconf 89' lang='lat' dir='ltr'>senibus</span> <span class='ocrx_word' id='word_1_202' title='bbox 939 3313 1116 3394; x_wconf 89' lang='lat' dir='ltr'>praesertim.</span> 
     </span>
     <span class='ocr_line' id='line_1_26' title="bbox 114 3411 1147 3494; baseline -0.006 -20"><span class='ocrx_word' id='word_1_203' title='bbox 114 3415 194 3474; x_wconf 80' lang='lat' dir='ltr'>Nam</span> <span class='ocrx_word' id='word_1_204' title='bbox 219 3413 293 3494; x_wconf 89' lang='lat' dir='ltr'>quid</span> <span class='ocrx_word' id='word_1_205' title='bbox 313 3415 346 3472; x_wconf 90' lang='lat' dir='ltr'>in</span> <span class='ocrx_word' id='word_1_206' title='bbox 370 3421 528 3473; x_wconf 83' lang='lat' dir='ltr'>senectute</span> <span class='ocrx_word' id='word_1_207' title='bbox 549 3413 673 3473; x_wconf 85' lang='lat' dir='ltr'>felicius</span> <span class='ocrx_word' id='word_1_208' title='bbox 696 3434 787 3493; x_wconf 90' lang='lat' dir='ltr'>quam</span> <span class='ocrx_word' id='word_1_209' title='bbox 808 3412 891 3493; x_wconf 92' lang='lat' dir='ltr'>quod</span> <span class='ocrx_word' id='word_1_210' title='bbox 910 3411 1121 3470; x_wconf 89' lang='lat' dir='ltr'>dulcissimum</span> <span class='ocrx_word' id='word_1_211' title='bbox 1146 3453 1147 3457; x_wconf 65' lang='lat'>,</span> 
     </span>
     <span class='ocr_line' id='line_1_27' title="bbox 111 3508 1123 3592; baseline -0.006 -20"><span class='ocrx_word' id='word_1_212' title='bbox 111 3521 164 3572; x_wconf 87' lang='lat' dir='ltr'>cst</span> <span class='ocrx_word' id='word_1_213' title='bbox 177 3513 208 3569; x_wconf 94' lang='lat' dir='ltr'>in</span> <span class='ocrx_word' id='word_1_214' title='bbox 219 3509 375 3592; x_wconf 86' lang='lat' dir='ltr'>juventa?</span> <span class='ocrx_word' id='word_1_215' title='bbox 390 3511 490 3578; x_wconf 89' lang='lat' dir='ltr'>Quare</span> <span class='ocrx_word' id='word_1_216' title='bbox 510 3531 567 3592; x_wconf 87' lang='lat' dir='ltr'>ego</span> <span class='ocrx_word' id='word_1_217' title='bbox 588 3512 698 3569; x_wconf 88' lang='lat' dir='ltr'>lsaeum</span> <span class='ocrx_word' id='word_1_218' title='bbox 718 3531 780 3570; x_wconf 91' lang='lat' dir='ltr'>non</span> <span class='ocrx_word' id='word_1_219' title='bbox 800 3508 1037 3574; x_wconf 87' lang='lat' dir='ltr'>disertissimum</span> <span class='ocrx_word' id='word_1_220' title='bbox 1056 3515 1123 3567; x_wconf 89' lang='lat' dir='ltr'>tan-</span> 
     </span>
     <span class='ocr_line' id='line_1_28' title="bbox 112 3605 1123 3688; baseline -0.005 -19"><span class='ocrx_word' id='word_1_221' title='bbox 112 3620 194 3676; x_wconf 90' lang='lat' dir='ltr'>tum,</span> <span class='ocrx_word' id='word_1_222' title='bbox 224 3629 331 3666; x_wconf 91' lang='lat' dir='ltr'>verum</span> <span class='ocrx_word' id='word_1_223' title='bbox 358 3609 453 3668; x_wconf 89' lang='lat' dir='ltr'>etiam</span> <span class='ocrx_word' id='word_1_224' title='bbox 482 3608 695 3667; x_wconf 89' lang='lat' dir='ltr'>beatissimum</span> <span class='ocrx_word' id='word_1_225' title='bbox 721 3607 853 3687; x_wconf 88' lang='lat' dir='ltr'>judico:</span> <span class='ocrx_word' id='word_1_226' title='bbox 879 3626 970 3688; x_wconf 90' lang='lat' dir='ltr'>quem</span> <span class='ocrx_word' id='word_1_227' title='bbox 1003 3612 1038 3665; x_wconf 86' lang='lat' dir='ltr'>tu</span> <span class='ocrx_word' id='word_1_228' title='bbox 1063 3605 1123 3681; x_wconf 74' lang='lat' dir='ltr'>nisi</span> 
     </span>
     <span class='ocr_line' id='line_1_29' title="bbox 109 3705 902 3790; baseline -0.003 -25"><span class='ocrx_word' id='word_1_229' title='bbox 109 3725 308 3784; x_wconf 85' lang='lat' dir='ltr'>cognoscere</span> <span class='ocrx_word' id='word_1_230' title='bbox 326 3705 532 3786; x_wconf 87' lang='lat' dir='ltr'>concupiscis,</span> <span class='ocrx_word' id='word_1_231' title='bbox 548 3725 656 3790; x_wconf 82' lang='lat' dir='ltr'>saxeus</span> <span class='ocrx_word' id='word_1_232' title='bbox 669 3705 847 3784; x_wconf 87' lang='lat' dir='ltr'>ferreusque</span> <span class='ocrx_word' id='word_1_233' title='bbox 860 3724 902 3764; x_wconf 90' lang='lat' dir='ltr'>es.</span> 
     </span>
    </p>
   </div>
   <div class='ocr_carea' id='block_1_5' title="bbox 540 3909 698 3960">
    <p class='ocr_par' dir='ltr' id='par_1_5' title="bbox 540 3909 698 3960">
     <span class='ocr_line' id='line_1_30' title="bbox 540 3909 698 3960; baseline -0.006 0"><span class='ocrx_word' id='word_1_234' title='bbox 540 3909 698 3960; x_wconf 75' lang='lat'><strong>-277-</strong></span> 
     </span>
    </p>
   </div>
   <div class='ocr_carea' id='block_1_6' title="bbox 0 0 1346 4258">
    <p class='ocr_par' dir='ltr' id='par_1_6' title="bbox 0 0 1346 4258">
     <span class='ocr_line' id='line_1_31' title="bbox 0 0 1346 4258; baseline 0 0"><span class='ocrx_word' id='word_1_235' title='bbox 0 0 1346 4258; x_wconf 95' lang='lat' dir='ltr'> </span> 
     </span>
    </p>
   </div>
  </div>
 </body>
</html>
