2656 4258
108 175 168 230 95.
187 133 491 230 Adouctssement
510 174 554 229 de
573 174 612 230 la
630 172 679 228 loi
698 170 862 228 romaine
881 171 906 227 a
923 167 1067 242 l’e'gard

454 262 520 318 des
540 261 720 318 esclaves.

284 383 334 464 (In
354 404 457 444 servos
478 382 583 443 mitior
603 383 640 465 fit
663 382 713 442 lea
734 381 887 463 romana.)

128 596 164 654 ln
195 602 350 676 potestate
386 602 460 655 sunt
492 596 576 658 servi
606 596 816 667 dominorum
852 615 921 674 quae
960 593 1087 674 quidem
1112 589 1155 655 θ’

85 699 227 771 potestas
246 692 326 773 juris
352 694 489 771 gentium
516 700 583 753 est:
610 713 683 752 nam
706 692 788 774 apud
815 712 921 750 omnes
943 711 1086 771 peraeque

86 796 194 867 gentes
218 790 461 850 animadvertere
484 811 647 871 possumus
673 789 805 849 dominis
830 789 862 848 in
886 808 991 848 servos
1014 788 1086 846 vitae

87 885 235 966 necisque
265 893 449 966 potestatem
477 908 554 961 esse,
578 894 608 947 et
637 887 848 966 quodcumque
880 906 935 964 per
964 904 1086 943 servum

85 982 270 1062 acquiritur,
286 982 318 1040 id
333 983 458 1043 domino
478 985 657 1065 acquiritur.
676 984 740 1060 Sed
754 984 813 1042 hoc
831 989 969 1062 tempore
988 1001 1087 1060 neque

85 1079 209 1138 civibus
222 1079 381 1154 Romame,
394 1101 451 1140 nec
461 1081 532 1140 ullis
543 1081 609 1140 aliis
632 1081 809 1140 hominibus
823 1080 876 1159 qui
891 1077 1088 1156 subimperio

86 1175 197 1255 populi
217 1177 350 1236 Romani
368 1185 451 1249 sunt,
474 1177 547 1237 licet
563 1199 654 1258 supra
671 1177 795 1237 modum
815 1184 845 1236 et
864 1176 929 1234 sine
948 1194 1039 1258 causa
1056 1173 1088 1232 in

87 1293 196 1331 servos
217 1293 289 1332 suos
312 1275 421 1334 saevire
446 1293 453 1336 :
489 1295 560 1334 nam
586 1297 623 1334 ex
646 1275 866 1334 constitutione
894 1271 1089 1351 imperatoris

87 1369 253 1444 Antonini,
281 1371 334 1451 qui
361 1373 426 1430 sine
454 1392 546 1431 causa
571 1393 694 1430 servum
724 1393 813 1431 suum
842 1369 1000 1441 occiderit,
1027 1387 1088 1426 non

88 1465 194 1525 minus
207 1468 306 1526 teneri
317 1468 446 1548 jubetur
460 1489 551 1548 quam
567 1469 619 1549 qui
635 1469 767 1528 alienum
789 1488 911 1526 servum
929 1463 1087 1525 occiderit.

87 1563 153 1621 Sed
177 1569 208 1622 et
226 1565 326 1645 major
346 1586 469 1645 quoque
488 1566 636 1645 asperitas
657 1565 852 1624 dominorum
874 1585 929 1644 per
951 1561 1089 1642 ejusdem

88 1660 240 1740 principis
258 1661 510 1722 constitutionem
531 1671 711 1722 coercetur:
730 1683 799 1720 nam
819 1660 978 1719 consultus
993 1658 1091 1738 aqui-

89 1756 222 1817 busdam
248 1758 430 1837 praesidibus
454 1760 680 1838 provinciarum
708 1759 745 1817 de
776 1759 822 1816 his
846 1758 943 1816 servis
971 1757 1023 1836 qui
1052 1755 1090 1814 ad

89 1855 163 1914 fana
178 1853 307 1914 deorum
327 1855 376 1914 vel
396 1856 432 1916 ad
455 1864 572 1916 statuas
587 1856 758 1936 principum
775 1854 966 1931 confugiunt,
982 1869 1104 1932 praece-⁴

89 1952 137 2032 pit
152 1958 196 2024 ut,
215 1952 240 2010 si
255 1951 458 2012 intolerabilis
472 1953 615 2012 videatur
626 1952 821 2012 dominorum
836 1951 963 2021 saevitia,
978 1970 1091 2027 cogan-

90 2057 142 2108 tur
158 2069 263 2108 servos
278 2070 349 2108 suos
364 2050 507 2109 vendere.
525 2051 564 2108 Et
577 2058 741 2129 utrumque
754 2057 835 2107 recte
848 2049 897 2121 fit;
914 2047 991 2106 male
1009 2046 1090 2106 enim

90 2152 199 2206 nostro
219 2146 291 2226 jure
319 2146 364 2204 uti
389 2167 451 2206 non
469 2147 641 2218 ,debemus;
669 2168 729 2227 qua
757 2147 875 2205 ratione
900 2153 931 2204 et
953 2142 1091 2224 prodigis

89 2241 290 2302 interdicitur
303 2241 455 2302 honorum
473 2264 598 2302 suorum
616 2243 852 2303 administratio,

281 2526 340 2584 96.
361 2528 431 2585 sur
449 2528 505 2584 les
524 2527 903 2585 affranehlssementS.

406 2631 477 2730 (De
498 2648 766 2732 manumissione.)

132 2865 213 2942 Lege
241 2863 329 2922 Fufia
353 2862 482 2922 Caninia
509 2871 611 2923 certus
636 2863 746 2923 modus
775 2866 961 2924 constitutus
987 2874 1034 2924 est
1061 2865 1093 2924 in
1120 2862 1162 2926 3‘

90 2959 191 3018 servis
204 2966 390 3020 testamento
405 2957 670 3020 manumittendis.
688 2961 765 3020 Nam
778 2963 805 3021 ei
819 2963 871 3042 qui
886 2963 988 3042 plures
1001 2983 1092 3042 quam

14 3055 16 3131 j
92 3057 185 3127 du05‚
199 3077 299 3137 neque
315 3056 418 3135 plures
433 3078 524 3136 quam
544 3057 649 3116 decem
668 3079 772 3117 servos
790 3058 924 3134 habebit,
943 3059 1093 3141 usquead

15 3139 16 3170 i
93 3161 213 3233 partem
239 3153 397 3212 dimidiam
425 3154 490 3232 ejus
510 3155 629 3213 numeri
651 3157 866 3214 manumittere
888 3157 1092 3236 permittitur,

89 3251 122 3309 ei
143 3271 217 3308 vero
237 3250 290 3330 qui
310 3250 412 3328 plures
430 3271 522 3330 quam
545 3250 660 3324 decem,
685 3273 784 3332 neque
801 3253 903 3332 plures
924 3275 1016 3333 quam
1041 3255 1089 3312 tri-

91 3347 181 3425 ginta
193 3367 298 3406 servos
313 3345 450 3418 habebit,
465 3349 610 3428 usquead
627 3350 748 3408 tertiam
763 3359 881 3429 partem
895 3351 961 3431 ejus
974 3353 1092 3413 numeri

92 3444 532 3523 manumittere-permittitur3
553 3453 585 3504 at
606 3446 633 3503 ei
652 3447 705 3526 qui
723 3447 824 3526 plures
845 3469 935 3527 quam
956 3450 1092 3527 triginta,

92 3561 196 3619 neque
221 3541 324 3620 plures
342 3561 441 3620 ¹quam
475 3550 598 3601 centum
625 3543 759 3616 habebit,
790 3565 886 3624 usque
913 3546 950 3604 ad
976 3555 1094 3625 partem

89 3644 237 3719 quartam
257 3645 395 3718 potestas
418 3639 655 3698 manumittendi
676 3640 781 3713 datur;
805 3642 972 3702 novissime
992 3645 1019 3701 ei
1041 3645 1095 3722 qui

91 3736 200 3815 plures
214 3755 307 3815 quam
321 3742 445 3794 centum
455 3735 591 3808 habebit,
605 3757 661 3796 nec
676 3738 778 3817 plures
792 3760 883 3819 quam
897 3741 1093 3820 quingentos,

526 3923 664 4000 -ar-
