2682 4258
216 181 300 238 432.
320 183 376 238 Un
390 181 606 250 philosophe
625 181 702 238 doit
722 181 802 237 etre
822 181 994 236 soctable.
1081 213 1083 218 -

147 275 369 357 (Philosophus
392 275 555 336 hominum
575 275 795 336 consuetudini
814 296 879 335 sese
901 295 1065 356 eecerpere

503 394 564 432 non
586 372 701 452 dehet.)

143 533 297 611 Asperum
312 530 441 603 cultum,
459 540 490 592 et
502 531 658 590 intonsum
674 538 777 609 caput,
795 540 826 590 et
840 530 1101 609 neglegentiorem
1114 524 1167 581 Rh-

104 627 242 700 barbam,
262 636 293 686 et
305 628 455 688 indictum
472 635 599 707 argento
623 629 740 700 odium,
759 635 790 687 et
804 628 905 686 cubile
920 627 1006 686 humi
1021 627 1104 706 posi-

103 732 182 796 tum,
199 731 231 782 et
245 725 395 806 quidquid
412 724 495 784 aliud
510 725 709 784 ambitionem
719 745 865 804 ‚perversa
882 725 931 782 via
952 725 1103 804 sequitur,

103 822 197 880 evita.
215 821 294 880 Satis
321 821 423 901 ipsum
455 842 567 881 nomen
592 821 806 901 philosophiae,
832 821 951 880 etiarnsi
966 821 1105 880 modeste

6 903 7 976 l
102 924 263 989 tractetur,
281 918 467 977 invidiosum
477 926 541 992 est;
558 917 643 997 quid,
656 919 681 976 si
697 939 753 976 nos
767 918 926 976 hominurn
941 925 1106 976 consuetu-

104 1014 170 1073 dini
184 1016 369 1094 coeperimus
390 1016 578 1094 excerpere?
597 1016 684 1074 lntus
712 1015 814 1074 omnia
839 1014 997 1073 dissimilia
1017 1015 1077 1072 sint
1095 1033 1103 1075 :

103 1111 189 1169 frons
205 1119 309 1170 nostra
330 1112 445 1191 populo
467 1112 642 1171 conveniat.
669 1113 738 1170 Non
758 1111 918 1190 splendeat
944 1117 1038 1187 toga:
1067 1131 1105 1170 ne

102 1207 228 1267 sordeat
242 1208 378 1286 quidem.
395 1209 462 1266 Non
477 1208 644 1267 habeamus
669 1216 840 1286 argentum,
870 1208 901 1265 in
917 1208 999 1289 quod
1015 1207 1105 1266 solidi

104 1304 172 1362 auri
198 1305 342 1364 caelatura
369 1305 571 1378 descenderit,
596 1305 649 1363 scd
679 1325 740 1362 non
762 1312 905 1383 putemus
921 1305 1105 1382 frugalitatis

102 1401 251 1459 indicium
268 1421 342 1460 auro
359 1410 547 1482 argentoque
562 1402 706 1462 caruisse.
726 1403 760 1459 ld
781 1422 916 1479 agamus,
943 1408 977 1460 ut
998 1401 1106 1460 melio-

105 1517 170 1556 rem
192 1498 287 1556 vitam
310 1518 475 1576 sequamur
503 1519 594 1578 quarn
626 1497 747 1576 vulgus,
772 1518 834 1556 non
850 1505 885 1557 ut
898 1499 1104 1558 contrariam:

103 1593 243 1673 alioquin
273 1614 350 1672 quos
383 1594 539 1652 emendari
567 1594 721 1666 volumus,
754 1594 934 1671 fugamusa
960 1595 1049 1653 nobis
1075 1601 1107 1653 et

102 1691 285 1768 avertimus.
304 1690 383 1750 lllud
399 1712 522 1770 quoque
537 1691 699 1762 efficimus,
717 1699 752 1749 ut
769 1690 846 1748 nihil
873 1691 986 1750 imitari
1010 1691 1108 1750 velint

103 1787 214 1859 nostri,
232 1787 306 1856 dum
330 1788 441 1846 timent
457 1809 494 1846 ne
508 1788 656 1846 imitanda
673 1788 735 1846 sint
749 1788 863 1848 omnia.
882 1789 950 1847 Hoc
971 1789 1106 1867 primum

102 1883 299 1962 philosophia
320 1884 484 1963 promittit,
507 1905 629 1943 sensum
653 1904 859 1956 communem,
882 1884 1106 1943 humanitatem

103 1988 134 2038 et
152 1981 447 2058 congregationem
470 2002 486 2041 a
513 2002 573 2060 qua
595 1981 786 2060 professione
809 1980 1030 2039 dissimilitudo
1050 2001 1107 2040 nos

102 2076 269 2155 separabit.
286 2077 453 2136 Videamus
469 2099 507 2136 ne
521 2079 589 2151 ista,
606 2099 660 2157 per
675 2077 986 2157 quaeadmirationem
1000 2098 1108 2156 parare

104 2174 257 2244 volumus,
275 2174 404 2233 ridicula
428 2180 459 2232 et
475 2175 582 2233 odiosa
601 2176 673 2234 sint.
692 2175 809 2252 Nempe
824 2175 1023 2253 propositum.
1035 2195 1107 2233 uos-

16 2318 17 2322 ,
103 2277 186 2329 trum
204 2278 251 2330 est
274 2270 443 2329 secundum
460 2278 600 2330 naturam
626 2272 741 2330 vivere.
756 2271 828 2355 1Ηοε
843 2279 950 2329 contra
966 2279 1107 2330 naturam

102 2374 161 2438 est,
177 2374 322 2445 torquere
337 2388 450 2447 corpus
466 2388 566 2441 suum,
583 2376 612 2427 et
639 2368 745 2426 faciles
764 2367 864 2426 odisse
881 2368 1059 2438 munditias,
1076 2375 1108 2427 et

102 2463 279 2543 squalorem
301 2472 455 2542 appetere,
481 2471 513 2523 et
531 2464 607 2524 cibis
624 2485 687 2522 non
714 2472 835 2524 tantum
852 2464 965 2524 vilibus
981 2465 1037 2538 uti,
1054 2463 1109 2524 sed

103 2560 211 2619 taetris
227 2567 257 2618 et
271 2559 414 2621 horridis

326 2803 410 2862 433.
430 2803 670 2873 Philosophes
691 2807 895 2863 amateurs.

134 2907 193 2987 (De
209 2904 409 2989 philosophis
432 2907 549 2989 quihus
570 2910 676 2969 schola
698 2908 909 2969 deversorium.
931 2909 989 2971 otii
1007 2909 1077 2992 est.)

145 3065 278 3132 Quidam
302 3066 432 3126 veniunt
454 3074 488 3126 ut
511 3067 647 3140 audiant,
678 3089 740 3126 non
760 3075 793 3127 ut
816 3068 947 3142 discant,
966 3069 1048 3127 sicut
1074 3070 1106 3126 in
1120 3086 1171 3141 mg

104 3162 261 3221 theatrum
272 3162 441 3242 voluptatis
465 3184 557 3223 causa
576 3163 614 3222 ad
639 3163 835 3223 delectandas
850 3185 939 3223 aures
967 3166 1108 3224 oratione

104 3259 155 3316 vel
172 3278 248 3317 voce
270 3259 319 3317 vel
338 3259 449 3318 labulis
471 3259 624 3323 ducimur.
656 3261 799 3339 Magnam
826 3261 904 3320 hanc
929 3262 1108 3320 auditorum

105 3361 224 3436 partem
239 3355 369 3430 videbis,
387 3358 436 3415 cui
448 3356 626 3436 philosophi
642 3357 745 3415 schola
761 3357 972 3416 deversorium
988 3359 1043 3416 otii
1057 3360 1108 3417 sit.

106 3453 177 3510 Non
193 3451 224 3510 id
238 3460 343 3529 agunt,
368 3461 402 3512 ut
426 3454 526 3533 aliqua
548 3453 600 3512 illo
624 3454 698 3512 vitia
721 3454 888 3533 deponant,
912 3462 947 3514 ut
974 3455 1109 3534 aliquam

106 3548 206 3626 legem
237 3549 317 3607 vitae
343 3549 506 3628 accipiant,
535 3571 595 3630 qua
617 3572 717 3610 mores
742 3571 813 3609 suos
835 3551 969 3629 exigant,
994 3553 1047 3610 sed
1077 3560 1111 3612 ut

105 3643 335 3704 oblectamento
363 3647 483 3705 aurium
509 3648 718 3729 perfruantur.
745 3647 848 3728 Aliqui
868 3655 970 3708 tamen
990 3655 1109 3708 etcum

105 3740 311 3821 pugillaribus
327 3743 466 3816 veniunt,
489 3765 552 3803 non
576 3751 611 3804 ut
630 3765 678 3804 res
702 3744 868 3825 excipiant,
885 3745 938 3804 sed
955 3754 989 3804 ut
1004 3746 1109 3820 verba,

533 3920 691 3971 -313-
