2656 4258
20 10 400 153 ι-ιμΓ

97 229 173 286 165.
202 227 308 285 Trait
335 230 379 284 de
409 229 619 298 galanterte
644 230 688 286 de
717 229 862 298 Scipion
884 230 1087 286 l’At'rtcain.

94 331 259 409 (Quomodo
279 331 387 414 Scipio
406 331 579 414 Africanus
600 332 633 394 in
651 333 900 414 pulcherrimam
920 332 1089 416 quamdam

164 476 167 486 ,
207 428 363 512 cirpiucm
390 416 537 490 liberalis¹
553 429 616 489 viri
637 429 741 511 officio
761 428 888 510 [unctus
908 429 974 512 sit.)

129 561 261 641 Captiva
290 561 423 622 adducta
448 569 495 621 est
518 561 556 622 ad
574 562 748 642 Scipionem
764 562 869 622 adulta
893 562 990 640 virgo,
1014 560 1090 620 adeo
1118 565 1159 626 2⁶

92 658 200 718 eximia
234 658 334 719 forma
373 666 418 732 ut,
455 679 650 740 quacumque
690 659 860 732 incedebat,
897 665 1091 718 converteret

92 755 226 814 omnium
255 755 372 815 oculos.
403 756 467 824 llle,
494 763 692 836 percontatus
723 756 853 836 patriam
875 763 1088 835 parentesque,

93 851 170 910 inter
182 859 285 911 cetera
300 852 609 933 accepitdesponsam
623 873 689 911 eam
705 852 837 932 principi
853 852 1089 912 Celtiberorum.

93 947 254 1028 Extemplo
277 949 372 1027 igitur
398 949 579 1029 parentibus
608 969 783 1029 sponsoque
803 949 840 1006 ab
861 948 953 1006 domo
975 947 1090 1019 accitis,

91 1065 158 1103 cum
175 1046 300 1104 interim
315 1045 437 1105 audiret
454 1045 592 1125 deperire
613 1065 682 1105 eum
698 1065 818 1124 sponsae
834 1065 948 1118 amore,
963 1044 1015 1102 ubi
1029 1043 1093 1123 pri—

93 1162 173 1201 mum
191 1142 288 1214 venit,
306 1142 496 1202 accuratiore
516 1163 586 1201 eum
609 1161 749 1200 sermone
771 1141 982 1221 alloquitur:«
997 1140 1092 1216 Juve-

93 1239 147 1311 nis,
159 1238 272 1317 inquit,
286 1239 433 1318 juvenem
448 1238 580 1319 appello,
600 1258 662 1318 quo
671 1239 771 1296 minor
785 1238 825 1296 sit
838 1238 919 1296 inter
934 1258 989 1295 nos
1001 1237 1095 1316 hujus

92 1335 239 1396 sermonis
265 1335 462 1396 verecundia.
490 1336 565 1412 Ege,
595 1355 664 1394 cum
685 1343 870 1414 sponsatae
898 1355 914 1393 a
944 1333 1093 1392 militibus

93 1431 203 1490 nostris
217 1431 256 1490 ad
274 1453 321 1490 me
336 1432 429 1491 ducta
445 1439 525 1490 esset
539 1431 739 1511 audiremque
763 1452 829 1491 earn
845 1431 901 1490 tibi
923 1430 1010 1490 cordi
1028 1451 1094 1488 esse

90 1535 120 1586 et
142 1527 240 1588 forma
259 1529 372 1588 faceret
393 1529 502 1602 fidem,
528 1536 707 1608 contempto
733 1527 805 1586 belli
822 1529 901 1608 jure,
928 1527 1023 1586 amori
1041 1535 1094 1584 tuo

20 1625 21 1640 ³
93 1624 192 1684 lavere
204 1625 308 1684 malui.
329 1625 404 1684 Fuit
429 1645 541 1705 sponsa
558 1632 610 1683 tua
636 1624 717 1705 apud
745 1645 792 1684 me
818 1625 923 1682 eadem
940 1645 999 1704 qua
1012 1623 1093 1703 apud

20 1787 21 1806 ,
93 1741 215 1781 soceros
239 1731 308 1782 tuos
328 1729 533 1802 parentesque
553 1742 623 1780 suos
646 1720 831 1780 verecundia
859 1739 866 1780 :
890 1726 1009 1779 servata
1037 1717 1094 1779 tibi

92 1825 147 1890 est,
161 1827 196 1878 ut
210 1817 393 1878 inviolatum
409 1826 440 1877 et
454 1819 582 1895 dignum
607 1839 655 1876 me
677 1825 768 1898 teque
798 1818 863 1876 dari
894 1817 950 1876 tibi
978 1816 1093 1875 donum
1143 1843 1148 1852 ·

20 1933 21 1950 t
93 1921 203 1991 posset.
225 1915 312 1974 llanc
339 1915 510 1975 mercedem
534 1935 625 1974 unam
647 1935 703 1994 pro
730 1935 765 1973 eo
781 1935 907 1972 munere
931 1913 1092 1994 paciscor:

20 2051 22 2062 »
92 2013 205 2071 amicus
226 2012 342 2092 populo
355 2032 483 2070 romano
499 2012 551 2070 sis.
579 2037 593 2066 »
611 2011 810 2084 Adulescens
828 2010 918 2068 simul
934 2009 1051 2090 pudore
1064 2017 1096 2067 et

92 2109 202 2184 gaudio
224 2109 379 2188 perfusus,
408 2108 546 2166 dextram
568 2108 721 2187 Scipionis
746 2115 865 2180 tenens,
893 2107 967 2164 deos
988 2127 1094 2164 omnes

94 2204 235 2264 invocare
251 2205 289 2264 ad
307 2205 435 2283 gratiam
455 2205 499 2262 illi
522 2225 578 2284 pro
598 2225 629 2262 se
651 2204 854 2274 referendam,
875 2202 1020 2282 quoniam
1036 2203 1093 2260 sibi

97 2322 287 2381 nequaquam
300 2301 374 2384 satis
390 2301 544 2359 facultatis
562 2322 618 2381 pro
634 2322 689 2359 suo
707 2301 810 2360 animo
823 2307 913 2379 atque
931 2299 1012 2357 illius
1023 2320 1093 2378 erga

97 2418 128 2456 sc
149 2398 258 2457 merito
276 2404 366 2457 esset.
384 2398 530 2456 Parentes
545 2397 616 2456 inde
630 2397 758 2476 virginis
775 2417 919 2472 magnum
938 2396 1003 2454 auri
1017 2416 1095 2476 pon-

95 2493 151 2553 dus
173 2495 308 2574 Scipioni
329 2494 510 2567 attulerunt,
541 2494 624 2574 quod
647 2494 698 2552 ille
725 2514 858 2573 sponsae,
880 2493 965 2552 velut
979 2491 1094 2551 dotalia

25 2587 28 2680 l
97 2589 183 2665 dona,
200 2591 346 2652 reddidit.

27 2683 28 2728 l

27 2760 33 2942 q
101 2749 177 2806 166.
197 2751 393 2807 Massacre
409 2750 454 2805 dc
469 2749 565 2807 trois
584 2750 797 2818 princesses
812 2749 1092 2818 syracusatnes.

98 2851 267 2930 (Heraclia,
284 2853 432 2914 Hieronis
447 2853 527 2936 filia,
551 2875 621 2913 cum
638 2853 760 2913 duabus
779 2853 909 2937 filiabus
924 2876 942 2913 a
956 2852 1095 2914 concita·

28 2943 33 2962 ³
260 3001 261 3006 κ
339 2950 377 3011 tis
404 2949 615 3032 Syracusanis
645 2950 846 3032 trucidatur.)

136 3082 282 3158 Heraclia,
298 3083 361 3143 filia
377 3083 536 3156 Hieronis,
551 3103 620 3142 cum
636 3084 673 3142 ad
686 3105 717 3142 se
739 3104 861 3164 quoque
875 3083 980 3142 venire
998 3082 1094 3142 inter·
1119 3087 1159 3151 3ι

101 3176 222 3238 lectores
237 3180 420 3260 praescisset,
438 3180 470 3238 in
487 3181 653 3239 sacrarium
668 3181 706 3239 ad
724 3189 850 3261 penates
868 3180 1008 3257 confugit
1023 3200 1094 3238 cum

32 3303 34 3324 i
102 3271 209 3335 duabus
222 3277 343 3336 filiabus
357 3277 540 3355 virginibus,
555 3277 699 3336 resolutis
715 3277 851 3344 crinibus
865 3277 1094 3356 miserabilique

33 3401 35 3410 ν
104 3368 278 3446 aliobabitu,
308 3379 338 3432 et
353 3373 390 3432 ad
406 3394 439 3433 ea
456 3373 573 3432 addidit
588 3394 703 3452 preces,
730 3395 812 3432 nunc
835 3394 888 3453 per
909 3374 993 3447 deos,
1012 3395 1095 3434 nunc

105 3484 150 3541 per
162 3470 338 3529 memoriam
357 3470 499 3529 Hieronis
523 3470 619 3549 patris
635 3469 823 3550 Gelonisque
839 3471 951 3530 fratris
969 3472 1094 3531 Aversis

105 3565 217 3624 auribus
230 3567 401 3646 animisque
423 3567 443 3624 ii
457 3587 607 3638 recusare,
622 3587 659 3625 ne
670 3573 792 3646 tempus
814 3575 958 3628 tererent.
978 3568 1019 3627 Ut
1034 3570 1094 3627 fer-

106 3677 163 3718 rum
177 3663 326 3742 quosdam
351 3663 548 3743 expedientes
572 3663 727 3736 cernebat,
753 3671 832 3738 tum,
847 3665 967 3723 omissis
994 3686 1048 3744 pro
1062 3686 1094 3722 se

107 3758 244 3833 precibus,
262 3760 371 3840 puellis
394 3768 427 3819 ut
440 3760 545 3818 saltem
571 3767 731 3838 parcerent
751 3781 837 3819 orare
857 3762 979 3833 institit,
1003 3781 1092 3838 aqua

107 3857 292 3915 aetateetiam
313 3857 416 3916 hostes
440 3857 534 3915 iratos
554 3857 725 3929 abstinere;
752 3879 800 3930 ne,
830 3865 975 3936 tyrannos
1002 3857 1093 3913 ulcis-

515 3973 673 4022 -115--
