2670 4252
368 208 402 244 LA
423 209 553 249 FAMILLE.
576 224 615 234 ····
636 209 685 248 tes
707 211 842 252 ENFANTS.
865 226 904 236 ···
925 214 973 252 LES
995 215 1122 252 PARENTS

145 395 149 402 μ
247 318 441 380 verecundia.
463 319 666 396 Quaesturam,
686 323 889 398 tribunatum,
907 333 1072 404 praeturam
1095 325 1247 384 honestis-

154 456 157 464 ,
207 458 209 464 ,
245 413 321 472 sime
346 417 509 495 percurrit.
531 417 583 477 Est
599 419 644 477 illi
671 420 763 478 lacies
786 419 931 494 liberaliS,
964 423 1063 480 multo
1084 422 1246 501 sanguine,

245 511 343 570 multo
361 512 472 571 rubore
489 517 621 589 suffusa,
637 525 683 574 est
700 518 833 594 ipgenua
848 519 943 577 totius
959 519 1097 598 corporis
1110 519 1247 598 pulchri-

245 607 331 680 tudo,
355 616 386 667 et
408 611 532 690 quidam
556 615 727 672 senatorius
749 613 852 674 decor.
877 614 951 681 Quae
975 636 1032 693 ego
1052 636 1247 695 nequaquam

245 704 377 764 arbitror
397 708 586 785 neglegenda
606 728 612 770 :
636 710 729 769 debet
751 711 831 769 enim
852 711 910 769 hoc
925 712 1060 771 castitati
1075 712 1249 792 puellarum

245 802 332 879 quasi
351 806 511 884 praemium
535 807 611 866 dari.
636 808 747 865 Nescio
768 827 806 866 an
826 807 969 888 adjiciam
993 830 1057 867 esse
1077 809 1158 889 patri
1181 809 1250 888 ejus

246 899 361 979 amplas
376 902 548 963 facultates.
568 905 644 962 Nam
665 924 735 962 cum
756 905 909 982 imaginor
924 927 991 975 vos,
1008 905 1120 986 quibus
1136 905 1250 986 quaeri-

245 1015 313 1054 mus
326 1019 483 1076 generum,
505 1001 656 1059 silendum
676 1001 713 1059 de
731 1001 930 1061 facultatibus
947 1009 1038 1082 puto;
1058 1023 1127 1062 cum
1148 1002 1248 1082 publi·

244 1113 297 1152 cos
316 1114 416 1154 mores
439 1105 531 1175 atque
552 1097 643 1156 etiam
663 1098 745 1176 leges
763 1098 896 1157 civitatis
916 1099 1049 1175 intueor,
1067 1120 1135 1180 quae
1155 1099 1205 1158 vel
1217 1099 1250 1156 in

245 1191 352 1271 primis
385 1214 495 1267 census
525 1194 684 1253 hominum
710 1194 895 1274 spectandos
923 1195 1122 1269 arbitrantur,
1148 1217 1187 1254 ne
1217 1195 1251 1253 id

245 1288 370 1367 quidem
388 1291 637 1371 praetereundum
652 1291 786 1354 videtur.

356 1473 415 1532 20.
434 1476 490 1533 Un
508 1478 604 1534 mari
622 1478 693 1535 fait
712 1477 842 1548 l’e'loge
861 1480 905 1536 de
925 1491 971 1536 sa
991 1479 1131 1535 femme.

452 1581 589 1664 (Conjua
609 1585 778 1666 conjupem
799 1605 888 1644 suam
912 1584 1041 1664 laudat.)

1322 239 1323 278 l

178 1743 220 1806 2⁰
287 1741 447 1799 Summum
474 1750 520 1800 est
546 1763 686 1817 acumen,
717 1764 835 1802 summa
860 1743 1039 1820 frugalitas;
1072 1750 1154 1802 amat
1185 1764 1248 1816 me,
1322 1701 1323 1788 l

247 1837 329 1917 quod
345 1839 495 1897 castitatis
517 1841 666 1898 indicium
685 1848 742 1898 est.
764 1841 892 1899 Accedit
909 1841 955 1898 his
975 1840 1112 1899 studium
1133 1840 1253 1898 littera-

194 1925 196 1928 ·
246 1955 326 2007 rum,
342 1935 423 2014 quod
439 1957 476 1994 ex
496 1937 555 1994 mei
576 1937 704 1995 caritate
726 1937 879 2016 concepit.
899 1937 986 1995 Meos
1004 1936 1125 1995 libellos
1144 1937 1250 2010 habet,

246 2030 375 2104 lectitat,
397 2033 506 2092 ediscit
528 2035 631 2094 etiam.
653 2034 718 2100 Qua
740 2033 792 2092 illa
813 2034 1029 2107 sollicitudine,
1049 2054 1118 2092 cum
1142 2033 1254 2091 videor

246 2137 384 2202 acturus,
404 2138 530 2209 quantu,
554 2152 623 2189 oum
644 2131 703 2208 egi,
724 2130 836 2209 gaudio
857 2131 1006 2190 afficitur!
1033 2130 1177 2209 Disponit
1197 2131 1253 2210 qui

247 2226 390 2284 nuntient
413 2227 471 2284 sibi
493 2249 583 2306 quem
611 2249 779 2294 assensum,
803 2249 881 2306 quos
905 2228 1053 2286 clamores
1078 2227 1250 2300 excitarim,

245 2343 337 2402 quem
357 2332 502 2381 eventum
519 2324 629 2402 judicii
650 2325 784 2383 tulerim.
809 2324 934 2396 Eadem,
954 2324 978 2380 si
997 2324 1120 2403 quando
1139 2324 1251 2396 recit0,

246 2420 278 2477 in
292 2420 579 2499 proxim0,discreta
592 2421 772 2494 velo,sedet,
792 2421 958 2500 laudesque
978 2429 1096 2479 nostras
1111 2420 1253 2479 avidissi·
1322 2369 1323 2452 l

247 2517 304 2575 mis
319 2517 443 2575 auribus
456 2516 580 2596 excipit.
594 2518 709 2579 Versus
724 2518 847 2598 quidem
859 2539 943 2576 meos
956 2526 1059 2577 cantat
1074 2518 1253 2598 formatque

233 2614 374 2685 ¹cithara,
392 2635 453 2672 non
466 2615 583 2673 artifice
598 2615 701 2693 aliquo
714 2615 855 2686 docente,
871 2613 923 2672 sed
940 2618 1053 2686 amore,
1068 2615 1120 2693 qui
1137 2615 1252 2692 magis-

246 2719 352 2772 terest
365 2712 511 2790 optimus.
526 2711 582 2768 His
597 2732 633 2769 ex
645 2712 743 2770 causis
759 2713 789 2769 in
805 2732 889 2790 spem
901 2712 1102 2769 certissimam
1113 2710 1254 2769 adducor

245 2816 425 2888 perpetuam
441 2809 530 2866 nobis
546 2809 755 2888 majoremque
770 2809 800 2865 in
815 2809 879 2865 dies
890 2808 1024 2866 luturam
1041 2829 1104 2868 esse
1120 2828 1254 2866 conc-or-
1322 2805 1323 2884 l

175 2929 178 2933 ·
246 2904 339 2964 diam.
359 2905 429 2963 Non
443 2905 524 2963 enim
540 2913 662 2964 aetatem
682 2925 780 2962 meam
802 2911 855 2963 aut
873 2925 995 2984 corpus,
1013 2925 1081 2984 quae
1100 2904 1252 2983 paulatim
1322 2887 1323 2978 l

246 3001 392 3061 occidunt
406 3023 440 3060 ac
458 3010 631 3074 senescunt,
649 3001 701 3060 sed
717 3001 844 3080 gloriam
858 3001 968 3078 diligit.
984 3001 1010 3058 N
1014 3021 1048 3059 ec
1063 3001 1146 3060 aliud
1160 3001 1254 3062 decet
1322 2979 1323 3054 l

246 3100 307 3158 tuis
327 3099 467 3157 manibus
491 3098 664 3170 educatam,
688 3099 749 3157 tuis
771 3099 933 3177 praeceptis
955 3098 1154 3158 institutam:
1179 3119 1252 3179 quae
1322 3055 1323 3118 l

246 3196 322 3254 nihil
347 3197 377 3255 in
408 3196 613 3253 contubernio
644 3202 698 3254 tuo
729 3193 851 3267 viderit,
878 3194 935 3252 nisi
966 3201 1107 3252 sanctum
1140 3195 1254 3254 hones·

248 3302 373 3372 tumque
391 3311 398 3353 ε
416 3314 484 3372 quae
497 3292 629 3371 denique
643 3311 744 3350 amare
760 3312 809 3350 me
824 3312 860 3350 ex
877 3299 929 3349 tua
945 3290 1162 3369 praedicatione
1176 3312 1253 3351 con-

243 3390 391 3448 sueverit.
409 3391 580 3462 Nan1‚eum
595 3395 724 3447 matrem
740 3408 839 3446 meam
853 3389 989 3466 parentis
1007 3387 1075 3446 loco
1086 3389 1251 3462 verereriS,
1304 3449 1309 3456 ,

244 3507 294 3545 me
319 3507 335 3545 a
358 3487 487 3566 pueritia
511 3486 613 3544 statim
637 3484 781 3556 formare,
803 3484 938 3557 laudare,
970 3483 1134 3564 talemque,
1150 3486 1252 3564 qualis

247 3604 328 3641 nuno
348 3583 436 3640 uxori
460 3603 536 3640 meae
557 3582 676 3650 videor,
694 3581 825 3640 ominari
849 3581 980 3642 solebas
1002 3579 1151 3639 Certatim
1175 3599 1253 3662 argo
1322 3627 1323 3645 l

244 3680 301 3740 tibi
325 3681 438 3757 gratias
461 3680 602 3757 agimus:
623 3699 680 3756 ego
699 3677 782 3758 quod
801 3677 885 3735 illam
908 3677 995 3750 mihi,
1019 3677 1072 3736 illa
1094 3678 1178 3756 quod
1198 3701 1250 3738 me

242 3778 300 3836 sibi
313 3776 443 3848 dederis,
456 3777 543 3856 quasi
558 3775 690 3834 invicem
702 3774 844 3851 elegeris.

675 3933 813 3984 ..μμ

30 4077 252 4214 Α
