2678 4250
237 163 319 223 326.
341 162 496 222 Pretace
515 165 619 222 d’une
638 165 793 222 histoire
813 165 987 221 romaine.

212 261 329 342 (Pauca
351 281 456 320 rerum
477 259 817 342 Romanorumrcriptor
828 259 1009 342 praefatur.)

152 395 175 454 F
178 402 342 454 acturusne
364 415 465 474 operae
490 395 624 474 pretium
647 395 716 466 sim,
737 393 798 452 sia
824 393 993 472 primordio
1016 392 1110 452 Urbis
1126 388 1176 446 Rh-

6 523 7 526 ¹
110 511 160 550 res
184 490 290 571 populi
312 491 431 550 romani
456 491 696 571 perscripserim,
720 510 777 550 nec
795 490 868 549 setis
890 490 964 561 scio,
989 510 1055 562 nec,
1085 490 1110 548 si
1141 497 1149 511 '

6 607 7 672 j
110 588 217 660 sciam,
231 587 332 647 dicere
345 588 454 660 ausim,
473 588 587 668 quippe
603 588 655 668 qui
679 608 749 646 cum
764 594 897 645 veterem
920 594 984 645 tum
1007 587 1109 664 vulga-

6 675 7 680 *
110 693 175 744 tam
192 705 257 744 esse
271 705 338 743 -rem
354 685 486 757 videam,
504 685 578 743 dum
599 685 672 743 novi
692 705 812 764 semper
827 685 993 764 scriptores
1012 683 1110 742 autin

109 781 201 840 rebus
213 780 327 840 certius
340 781 455 861 aliquid
471 781 616 864 allaturos
629 802 670 852 se,
689 789 742 840 aut
756 780 908 839 scribendi
924 787 988 838 arte
1003 780 1109 838 rudem

110 885 299 938 vetustatem
312 886 522 958 superaturos,
539 879 681 938 credunt.
706 877 882 957 Utcumque
901 878 971 944 erit,
988 876 1111 956 juvabit

107 984 213 1036 tamen
227 996 328 1034 rerum
342 983 496 1053 gestarum
510 976 666 1034 memoriae
680 975 829 1054 principis
840 982 989 1034 terrarum
1004 972 1109 1053 populi

106 1093 165 1152 pro
181 1072 262 1131 virili
278 1079 364 1152 parte
382 1079 412 1131 et
427 1073 528 1152 ipsum
543 1071 734 1130 consuluisse
747 1091 753 1144 ;
766 1080 807 1142 ct,
825 1075 849 1129 si
865 1072 897 1129 in
912 1077 997 1130 tanta
1010 1070 1110 1148 ¹scrip-

106 1178 212 1228 torum
228 1168 318 1228 turba
342 1190 408 1228 mea
418 1169 498 1228 lama
512 1170 543 1226 in
559 1168 690 1227 obscuro
701 1169 751 1239 sit,
769 1168 929 1227 nobilitate
944 1188 979 1226 ac
994 1167 1110 1244 magni-

107 1265 218 1324 tudine
236 1285 342 1324 eorum
358 1286 406 1325 me
434 1265 488 1346 qui
503 1266 619 1324 nomini
632 1266 768 1324 officient
783 1285 852 1324 meo
880 1265 1030 1324 consoler.
1049 1263 1109 1325 Res

103 1369 153 1421 est
168 1370 316 1442 praeterea
329 1370 360 1422 et
371 1363 512 1421 immensi
526 1363 638 1442 operis,
656 1371 689 1421 ut
706 1383 775 1442 quae
790 1382 882 1442 supra
903 1361 1109 1441 septingente-

106 1460 221 1517 simum
233 1480 347 1518 annum
363 1467 530 1540 repetatur,
548 1467 579 1518 et
593 1480 661 1538 quae
677 1459 715 1517 ab
728 1460 846 1540 exiguis
861 1459 1000 1537 prolecta
1013 1457 1109 1516 initiis

103 1577 142 1614 eo
162 1556 295 1614 creverit
317 1564 352 1615 ut
367 1558 431 1636 jam
454 1555 668 1635 magnitudine
687 1555 805 1614 laboret
815 1575 884 1624 sua;
900 1563 930 1613 et
941 1555 1107 1632 legentium

104 1652 262 1734 plerisque
287 1653 368 1713 haud
391 1653 499 1712 dubito
519 1653 593 1733 quin
624 1653 730 1733 primae
752 1653 886 1728 origines
909 1651 1109 1730 proximaque

100 1749 276 1827 originibus
288 1750 389 1808 minus
400 1749 565 1829 praebitura
577 1748 746 1828 voluptatis
757 1750 818 1807 sint
840 1747 1057 1807 festinantibus
1070 1746 1108 1806 ad

6 1831 7 1840 ,
103 1849 174 1904 baec
190 1866 281 1918 nova,
302 1847 414 1926 quibus
427 1846 611 1926 jampridem
636 1846 830 1926 praevalentis
853 1845 959 1924 populi
982 1845 1061 1903 vires
1077 1864 1109 1902 se

104 1946 183 2023 ipsae
202 1943 382 2003 conficiunt.
398 1943 462 2021 Ego
477 1951 584 2002 contra
598 1943 655 2002 hoc
670 1963 793 2022 quoque
814 1941 927 2000 laboris
947 1941 1107 2021 preamium

5 2067 6 2084 2
103 2049 210 2120 petam
231 2047 264 2099 ul
287 2061 335 2099 me
360 2061 376 2099 a
402 2048 570 2120 conspectu
595 2040 744 2106 malorum
767 2060 836 2118 quae
857 2048 959 2096 nostra
982 2047 1027 2096 tot
1055 2057 1110 2117 per

101 2157 204 2196 annos
227 2136 305 2196 vidit
326 2144 410 2208 aetas,
436 2137 588 2216 tantisper
616 2144 709 2210 certe,
734 2136 807 2194 dum
835 2135 934 2214 prisca
964 2135 1014 2194 illa
1044 2142 1108 2194 tota

99 2241 209 2294 mente
225 2241 343 2313 repeto,
361 2241 507 2294 avertam.

259 2402 344 2474 327.
364 2400 494 2460 utrius
514 2403 558 2458 de
578 2401 759 2459 l'hlstolre
779 2401 955 2462 romaiue.

144 2495 260 2578 (Quam
280 2497 474 2580 frugiferum
496 2496 536 2557 sit
557 2497 727 2557 annalibus
750 2497 887 2556 romanis
908 2495 1060 2576 studere.)

143 2631 193 2690 Ad
220 2630 271 2690 illa
295 2631 371 2689 mihi
391 2651 447 2710 pro
471 2652 503 2690 se
525 2631 656 2710 quisque
677 2631 788 2689 acriter
805 2629 946 2688 intendat
958 2629 1105 2702 animum,
1123 2625 1167 2681 ΗΒ

5 2765 6 2786 i
97 2749 175 2808 quae
200 2727 275 2799 vita,
302 2728 354 2806 qui
382 2747 483 2786 mores
507 2727 633 2797 luerint,
655 2749 709 2806 per
729 2748 806 2806 quos
827 2728 910 2785 viros
934 2726 1107 2806 quibusque

5 2833 7 2874 ἑ
97 2825 223 2885 artibus
242 2823 325 2883 domi
347 2824 527 2904 militiaeque
547 2831 578 2882 et
600 2832 720 2904 partum
748 2801 921 2883 et⁸auctum
943 2824 1106 2903 imperium

98 2924 166 2994 sit;
192 2921 314 2980 labente
334 2921 445 2980 deinde
473 2922 620 3002 paulatim
641 2920 813 2999 disciplina,
832 2920 915 2980 velut
933 2919 1107 2979 desidentes

5 3017 6 3020 ’
99 3021 206 3099 primo
220 3039 320 3077 mores
338 3025 486 3098 sequatur
503 3019 618 3089 animo,
641 3018 752 3076 deinde
776 3026 808 3075 ut
828 3018 924 3096 magis
949 3018 1106 3096 magisque

98 3116 183 3195 lapsi
193 3116 265 3184 sint,
280 3124 346 3175 tum
362 3116 405 3175 ire
416 3116 568 3195 coeperint
583 3115 766 3194 praccipites,
784 3115 882 3173 donec
897 3113 934 3173 ad
951 3114 1016 3173 haec
1031 3121 1106 3173 tem-

5 3269 6 3272 ,
99 3234 192 3294 pora,
208 3212 320 3292 quibus
332 3233 388 3271 nec
402 3213 477 3271 vitia
493 3197 597 3271 nostra
614 3232 670 3270 nec
694 3211 826 3270 remedia
849 3212 911 3292 pati
930 3231 1104 3291 possumus,

100 3318 290 3390 perventum
305 3319 361 3370 est.
373 3310 441 3368 Hoc
456 3308 531 3367 illud
547 3316 593 3368 est
605 3309 759 3388 praecipue
770 3310 801 3367 in
817 3309 993 3386 cognitione
1004 3328 1105 3368 rerum

98 3407 227 3466 salubre
244 3428 279 3466 ac
307 3407 500 3484 frugiferum,
529 3407 629 3463 omnis
655 3413 685 3464 te
712 3406 839 3484 exempli
867 3405 1053 3466 documenta
1074 3405 1105 3463 in

99 3503 218 3562 illustri
239 3505 337 3582 posita
355 3511 556 3562 monumento
576 3503 689 3561 intueri
719 3521 726 3562 t
749 3502 820 3560 inde
848 3503 903 3560 tibi
922 3511 1043 3584 tuaeque
1063 3503 1105 3562 rei

99 3599 238 3680 publicae
255 3599 338 3680 quod
349 3601 468 3658 imitere
483 3600 587 3679 capias
600 3598 687 3675 ;inde
702 3599 818 3657 l'oedum
834 3599 970 3679 inceptu.
988 3599 1105 3658 loedum

100 3697 202 3768 exitu,
219 3697 301 3777 quod
324 3698 412 3757 vites
431 3697 574 3755 Ceterum
588 3704 641 3754 aut
662 3717 710 3754 me
728 3717 813 3754 amor
834 3697 948 3776 negotii
970 3697 1104 3776 suscepti

101 3795 196 3867 fallit,
209 3794 353 3854 autnulla
365 3814 509 3875 umquam
524 3814 571 3852 res
586 3793 707 3872 publica
722 3814 776 3852 nec
790 3794 888 3873 major
905 3815 960 3853 nec
970 3795 1106 3853 sanctior

527 3918 684 3970 -229-
