2656 4258
419 193 553 232 volaces
569 195 602 232 ΕΤ
618 179 795 234 cumosmi‘S.
813 209 851 217 -
865 194 901 232 LA
916 193 1070 256 CAldPAGNE

245 304 469 382 magnitudine,
489 305 542 384 qui
562 325 728 385 numquam
753 304 852 385 major
871 311 928 377 est,
948 324 1039 384 quam
1062 302 1115 362 ubi
1146 302 1239 362 aliena

245 401 383 481 seposuit
392 408 424 461 et
438 401 511 460 lecit
524 401 581 460 sibi
597 421 702 481 pacem
718 401 793 460 nihil
808 401 957 475 timend0,
970 401 1044 460 fecit
1054 399 1111 460 sibi
1120 398 1241 483 divitias
1307 407 1308 412 ’

246 496 323 557 nihil
338 497 598 578 concupiscendo.
614 498 808 571 Vehiculum,
832 499 864 556 in
882 497 965 578 quod
982 496 1145 578 impositus
1164 515 1240 565 sum,

245 592 394 652 rusticum
416 600 473 654 est.
501 593 936 654 Mulaevivereseambdlando
954 599 1122 666 testantur-3
1148 590 1242 650 mulio
1308 641 1309 658 q

245 689 448 762 excalceatus
473 710 535 749 non
555 696 683 772 propter
701 697 851 752 aestatem.
872 690 932 749 Vix
955 711 971 749 a
995 711 1044 748 me
1062 689 1188 748 obtineo
1208 693 1244 746 ut

245 785 304 845 hoc
318 785 495 846 vehiculum
513 787 607 846 velim
624 786 723 846 videri
738 807 862 846 meum:
885 786 976 846 durat
990 786 1090 845 adbuc
1102 804 1244 865 perversa
1309 837 1310 864 q

244 882 321 943 recti
334 883 520 943 verecundia
530 889 681 960 etquoties
691 883 722 941 in
738 882 871 963 aliquem
887 883 1069 942 comitatum
1082 880 1242 964 lautiorem
1258 936 1261 941 ,
1309 873 1310 898 l

244 979 421 1052 incidimus,
434 979 552 1041 invitus
571 979 742 1040 erubesco:
766 979 849 1060 quod
871 982 1086 1058 argumentum
1105 984 1153 1038 est
1172 978 1241 1048 ista,
1310 986 1311 1038 l

244 1097 314 1156 quae
329 1075 439 1157 probo,
462 1095 532 1155 quae
555 1075 658 1149 laudo,
684 1076 822 1137 nondum
842 1075 953 1136 habere
970 1082 1086 1160 certam
1100 1074 1201 1134 sedem
1214 1081 1245 1133 et
1310 1041 1311 1116 l

244 1173 444 1232 immobilem.
461 1172 573 1232 Parum
587 1172 688 1232 adhuc
697 1171 832 1254 proleci3
848 1173 985 1233 nondum
1006 1171 1104 1232 audeo
1117 1171 1245 1249 frugali-

245 1274 340 1328 tatem
360 1267 462 1349 palam
474 1269 565 1330 ferre.
739 1281 742 1288 '
1311 1270 1312 1356 l

244 1505 332 1566 204.
356 1507 525 1578 changer
549 1509 594 1565 de
613 1509 774 1654 611ηιξιέἔῃ
774 1521 816 1566 ce
852 1508 948 1568 n’est
980 1519 1051 1578 pas
1075 1509 1243 1578 changer
1312 1551 1313 1598 ἓ

677 1598 701 1654 d
775 1609 805 1653 e.
1312 1607 1313 1622 ³

243 1695 398 1780 (Caelum,
421 1719 482 1760 non
497 1698 640 1761 animum
660 1705 793 1775 mutent,
810 1697 870 1784 qui
887 1705 974 1761 trans
987 1720 1072 1762 mare
1086 1700 1245 1779 currunt.)

178 1859 219 1923 2⁸
278 1857 359 1927 Quid
396 1857 517 1918 miraris
555 1857 633 1917 nihil
674 1857 731 1917 tibi
774 1856 1040 1936 peregrinationes
1086 1854 1245 1934 prodesse,

243 1971 314 2012 cum
340 1956 372 2010 te
394 1951 612 2012 circumferas?
622 1950 738 2010 Premit
754 1958 783 2010 te
797 1951 904 2010 eadem
917 1953 1013 2011 'causa
1032 1969 1102 2032 quae
1113 1950 1235 2031 expulit

244 2047 324 2116 Quid
349 2054 499 2107 terrarum
524 2048 634 2126 juvare
676 2047 798 2107 novitas
838 2049 965 2127 potest?
1001 2047 1076 2127 quid
1109 2047 1247 2126 cognitio
1314 2116 1315 2122 p

245 2143 366 2204 urbium
379 2150 433 2204 aut
445 2145 603 2204 locorum?
621 2145 653 2202 in
668 2143 790 2204 irritum
806 2144 888 2202 cedit
902 2144 961 2203 ista
971 2142 1111 2224 jactatio.
1128 2142 1248 2211 Quaeris
1314 2125 1315 2168 l

244 2261 339 2321 quare
351 2246 382 2300 te
399 2241 471 2319 fuga
484 2240 543 2300 ista
559 2261 621 2299 non
639 2239 788 2321 adjuvet?
803 2241 918 2299 Tecum
940 2241 1031 2318 sugis.
1048 2239 1135 2300 Onus
1151 2241 1247 2299 animi

245 2336 461 2416 deponendum
476 2344 523 2397 est
537 2355 617 2398 :non
632 2343 703 2396 ante
716 2337 773 2396 tibi
792 2337 872 2396 ullus
886 2336 1020 2417 placebit
1030 2337 1126 2399 locus.
1150 2337 1249 2396 Vadis

245 2432 306 2492 buc
326 2433 410 2506 illuc,
434 2441 466 2492 ut
489 2433 626 2493 excutias
647 2433 783 2492 insidens
799 2433 932 2512 pondus,
956 2433 1039 2512 quod
1066 2433 1132 2514 ipsa
1146 2432 1250 2514 jacta-

245 2528 329 2588 tione
344 2529 569 2589 incommodius
582 2530 618 2589 lit
633 2548 640 2590 :
653 2529 734 2588 sicut
754 2529 786 2588 in
807 2529 879 2588 navi
891 2549 984 2588 onera
1001 2529 1128 2590 immota
1144 2531 1249 2589 minus

246 2631 366 2702 urgent,
383 2626 576 2705 inaequaliter
592 2626 759 2684 convoluta
776 2625 867 2685 citius
884 2646 950 2686 eam
971 2625 1139 2706 partemin
1153 2646 1248 2706 quam

244 2721 623 2800 incubueredemergunt.
652 2721 810 2802 Quidquid
831 2721 917 2796 lacis,
936 2729 1044 2782 contra
1067 2719 1196 2782 te'facis
1219 2731 1250 2781 et

245 2826 332 2879 motu
346 2819 413 2898 ipso
426 2838 518 2878 noces
530 2818 604 2892 tibi;
622 2839 736 2897 aegrum
752 2818 833 2877 enim
845 2819 996 2879 concutis.
1013 2821 1065 2894 At,
1081 2839 1151 2878 cum
1163 2819 1248 2878 istud

244 2916 392 2976 exemeris
409 2913 535 2988 malum,
556 2915 656 2974 omnis
676 2914 807 2974 mutatio
826 2914 886 2974 loci
903 2914 1041 2995 jucunda
1064 2914 1127 2976 fiet.
1147 2914 1251 2994 Magis

245 3013 314 3093 quis
323 3011 444 3072 veneris
457 3030 549 3091 quam
562 3033 634 3092 quo,
651 3012 789 3086 interest,
805 3019 837 3072 et
852 3011 922 3071 ideo
937 3011 1012 3071 nulli
1024 3012 1092 3072 loco
1105 3012 1250 3072 addicere

245 3109 394 3169 debemus
414 3108 561 3170 animum.
581 3108 659 3183 Cum
679 3110 736 3169 bac
762 3108 960 3189 persuasione
981 3108 1147 3168 vivendum
1171 3116 1220 3168 est
1241 3129 1248 3170 :

248 3231 263 3262 u
280 3227 341 3264 non
356 3225 424 3266 sum
441 3204 494 3265 uni
507 3205 620 3283 angulo
631 3212 740 3266 natus:
759 3205 856 3285 patria
869 3225 936 3264 mea
951 3211 1035 3265 totus
1048 3204 1097 3265 bic
1112 3206 1251 3265 mundus

248 3309 305 3362 est.
318 3301 431 3369 »Quod
445 3302 470 3362 si
481 3301 615 3382 liqueret
629 3301 695 3376 tibi,
714 3323 774 3361 non
798 3301 991 3361 admirareris
1013 3301 1090 3360 nihil
1105 3301 1250 3382 adjuvari

247 3405 278 3458 te
295 3399 454 3476 regionum
468 3398 679 3470 varietatibus
703 3399 734 3456 in
752 3419 829 3478 quas
846 3396 975 3457 subinde
995 3398 1133 3477 priorum
1155 3399 1252 3458 taedio

246 3492 358 3571 migras
384 3495 508 3575 :prima
528 3495 608 3554 enim
627 3514 755 3574 quaeque
775 3494 951 3573 placuisset,
972 3494 997 3552 si
1018 3514 1140 3553 omnem
1163 3501 1251 3555 tuam

242 3589 393 3650 crederes.
411 3590 502 3649 Nunc
522 3609 584 3648 non
602 3588 819 3670 peregrinaris,
846 3587 900 3648 sed
922 3606 1016 3660 erras,
1034 3591 1066 3646 et
1083 3585 1196 3665 ageriS,
1216 3607 1255 3646 ac

241 3689 345 3747 locum
356 3705 393 3742 ex
408 3684 475 3744 loco
487 3692 598 3754 mutas,
615 3705 685 3744 cum
701 3683 788 3757 illud,
801 3682 884 3764 quod
898 3683 1022 3764 quaeris,
1039 3681 1117 3741 bene
1129 3681 1253 3745 vivere.

245 3781 327 3840 omni
344 3779 411 3838 loco
427 3779 561 3858 positum
578 3781 628 3840 sit.

673 3942 704 3951 -
727 3914 775 3964 nr
795 3945 825 3953 -
