2682 4258
294 195 427 234 Latinae.
450 207 490 220 ¹-
511 196 653 235 SCIENCES.
676 210 716 221 -
737 197 875 235 SAVANTS·
898 211 937 219 -
958 195 1148 234 PlllLOSOPHES

217 305 307 364 malis
334 306 393 366 hoc
420 313 522 366 tamen
549 306 623 367 boni
652 308 783 367 assecuti
802 307 954 380 videmur,
984 314 1019 367 ut
1046 327 1080 366 ea
1108 305 1220 366 litteris

217 402 444 474 mandaremus
474 425 552 483 quae
580 425 636 462 nec
663 412 759 476 erant,
775 405 849 463 satis
868 405 1064 463 notanostris
1083 410 1114 462 et
1132 410 1222 463 erant

216 499 394 574 cognitione
409 500 599 579 dignissima.
627 499 707 568 Quid
723 502 804 560 enim
816 507 862 559 est
876 501 1042 580 optabilius
1057 499 1219 580 sapientia,

215 595 293 675 quid
320 597 536 677 praestantius
567 597 641 678 quid
675 598 791 656 homini
828 597 948 670 melius,
986 597 1060 676 quid
1093 597 1222 656 homine

215 692 367 771 dignius?
383 693 471 752 Hanc
486 694 580 771 igitur
602 695 654 773 qui
674 701 832 772 expetunt,
858 694 1034 774 philosophi
1054 694 1222 753 nominan-

217 796 278 862 tur,
307 810 362 848 nec
387 791 554 870 quidquam
577 791 660 850 aliud
683 799 728 849 est
751 790 956 871 philosophia,
979 791 1003 848 si
1021 790 1222 870 interpretari

216 886 303 957 velis,
319 893 440 965 praeter
456 887 592 946 studium
612 887 792 967 sapientiae.
811 888 967 967 Sapientia
983 894 1086 946 autem
1099 891 1166 961 ¹est,
1185 896 1223 947 ut

215 1002 235 1041 a
260 982 414 1042 veteribus
437 983 630 1064 philosophis
650 984 808 1042 delinitum
825 992 881 1056 est,
908 1005 1010 1043 rerum
1041 983 1220 1044 divinarum

214 1086 248 1138 et
262 1079 464 1138 humanarum
483 1101 717 1161 causarumque,
735 1081 848 1161 quibus
865 1101 919 1140 cae
937 1101 984 1140 res
1003 1081 1219 1156 continentur,

213 1175 354 1237 scientia.

485 1499 571 1557 431.
591 1501 690 1557 Mort
710 1502 754 1556 de
776 1497 949 1568 seneque.

528 1603 584 1682 (De
604 1602 740 1664 Senecae
761 1604 884 1684 morte.)

145 1810 186 1876 20
239 1813 242 1820 '
351 1805 464 1864 Seneca
480 1803 697 1886 complectitur
717 1825 854 1877 uxorem,
871 1814 912 1874 et,
931 1805 1087 1884 paululum
1104 1805 1219 1865 adver-

213 1920 264 1958 sus
278 1908 471 1981 praesentem
485 1902 681 1961 formidinem
697 1902 845 1971 mollitus,
863 1910 950 1980 rogat
965 1909 1094 1981 oratque
1110 1927 1125 1956 «
1136 1909 1222 1960 tem-

213 2020 228 2051 «
252 1997 491 2076 perarctdolori,
512 2008 730 2073 neuaeternum
747 1999 925 2078 susciperet,
944 1999 1008 2069 sed,
1022 1998 1220 2077 contempla-

136 2173 138 2178 Ι
213 2117 229 2148 «
252 2094 336 2152 tione
350 2095 423 2154 vitae
438 2116 492 2174 per
506 2096 652 2154 virtutem
669 2103 744 2154 actae
773 2095 958 2154 desiderium
975 2096 1077 2154 mariti
1093 2095 1220 2156 solaciis

212 2190 349 2249 honestis
370 2192 552 2273 toleraret.»
584 2193 637 2251 llla
659 2200 767 2251 contra
797 2193 854 2250 sibi
879 2213 1004 2272 quoque
1029 2191 1219 2263 destinatam

213 2293 343 2345 mortem
358 2295 523 2358 asseverat,
540 2309 727 2369 manumque
749 2290 938 2369 percussoris
958 2289 1108 2368 exposcit.
1135 2289 1219 2347 Tum

212 2383 340 2456 Seneca,
356 2385 461 2461 gloriae
476 2385 542 2465 ejus
568 2406 629 2444 non
650 2387 808 2458 adversuS,
834 2385 925 2445 simul
951 2406 1066 2470 amore,
1093 2406 1131 2444 ne
1155 2385 1218 2445 sibi

213 2480 303 2539 unice
324 2480 466 2542 dilectam
493 2481 530 2540 ad
559 2482 687 2561 injurias
715 2483 958 2562 relinqueret:«
977 2483 1067 2554 Vitae,
1098 2482 1216 2562 inquit,

213 2601 229 2631 «
252 2576 457 2636 delenimenta
472 2586 714 2638 monstraveram
731 2580 798 2651 tibi,
818 2591 851 2638 tu
867 2578 975 2638 mortis
988 2579 1082 2637 decus
1098 2580 1216 2652 mavis3

214 2698 228 2728 a
252 2694 314 2732 non
329 2674 475 2733 invidebo
491 2675 631 2754 exemplo
648 2695 655 2736 ε
674 2677 714 2735 sit
730 2676 821 2755 hujus
836 2684 898 2734 tam
921 2675 1009 2734 fortis
1025 2676 1125 2734 exitus
1140 2695 1219 2734 con-

214 2797 228 2827 «
252 2771 364 2830 stantia
391 2793 485 2851 penes
514 2780 661 2852 utrosque
687 2793 751 2852 par,
782 2772 974 2832 claritudinis
1003 2772 1072 2852 plus
1102 2773 1134 2830 in
1158 2778 1218 2831 tuo

212 2867 283 2928 fine.
301 2893 316 2922 v
344 2868 418 2929 Post
441 2889 521 2948 quae,
547 2869 655 2927 eodem
679 2869 747 2929 ictu
767 2868 909 2928 bracchia
934 2869 1014 2928 lerro
1036 2869 1215 2927 exsolvunt.

208 2964 337 3038 Seneca,
352 2966 498 3044 quoniam
514 2965 609 3024 senile
631 2986 743 3045 corpus
767 2974 798 3025 et
819 2985 911 3045 parco
936 2967 1021 3024 victu
1050 2972 1216 3024 tenuatum

210 3058 294 3120 lenta
309 3062 420 3140 ellugia
436 3062 578 3139 sanguini
592 3062 761 3141 praebebat,
778 3083 901 3121 crurum
922 3083 1045 3142 quoque
1065 3070 1096 3120 et
1110 3061 1217 3142 popli-

208 3166 277 3217 tum
297 3180 391 3218 venas
415 3158 581 3238 abrumpit.
608 3159 765 3238 Saevisque
789 3159 976 3218 cruciatibus
1002 3159 1151 3230 defessus,
1172 3179 1217 3218 ne

208 3255 316 3314 dolore
332 3277 387 3314 suo
402 3256 538 3314 animum
555 3255 660 3314 uxoris
675 3255 867 3334 infringeret,
885 3262 977 3335 atque
992 3255 1067 3333 ipse,
1084 3254 1216 3316 visendo

208 3352 278 3431 ejus
306 3358 468 3425 tormenta,
500 3352 537 3411 ad
564 3352 787 3431 impatientiam
811 3352 1015 3425 delaberetur,
1048 3351 1157 3410 suadet
1179 3353 1215 3411 in

208 3449 294 3508 aliud
305 3449 481 3507 cubiculum
492 3449 666 3509 abscedere.
682 3449 730 3522 Et,
746 3450 914 3508 novissimo
923 3467 1046 3530 quoque
1055 3457 1216 3510 momento

208 3545 428 3624 suppeditante
444 3547 629 3626 eloquentia,
649 3545 808 3605 advocatis
830 3546 1031 3626 scriptoribus
1066 3545 1217 3627 pleraque

209 3641 347 3714 tradidit,
365 3663 445 3722 quae,
462 3643 494 3701 iu
509 3643 621 3720 vulgus
631 3643 713 3702 edita
728 3645 795 3724 ejus
811 3642 923 3717 verbis,
936 3643 1089 3702 invertere
1104 3663 1215 3723 super-

205 3739 312 3798 sedeo.

634 3918 790 3969 -312-
