2678 4250
429 181 440 184 ..
508 151 543 190 ut
565 153 612 190 vm
633 133 733 190 rmvrin
755 151 805 188 nus
826 149 951 188 saumas

459 584 543 642 350.
564 553 678 652 &loge
699 583 744 638 de
763 537 995 650 l’eloquence.

450 809 488 890 (E
491 808 657 892 loquentia
667 807 774 868 laudes
790 807 1010 884 celebrantur.)

165 1163 220 1224 ΠΒ.
272 1169 352 1237 Quid
386 1171 481 1229 tutius
510 1191 600 1250 quarn
629 1171 698 1234 ¹eam
730 1190 869 1229 exercere
903 1178 997 1229 artem
1025 1189 1084 1247 qua
1111 1187 1239 1247 semper

232 1275 367 1336 armatus
381 1267 559 1346 praesidium
577 1262 694 1340 amicis,
713 1287 802 1346 opem
823 1259 940 1338 alienis,
964 1265 1092 1323 salutem
1110 1264 1238 1342 pericli-

231 1363 388 1436 tantibuS,¹
400 1363 514 1422 invidis
527 1384 600 1422 vero
616 1342 790 1421 etinimicis
807 1370 922 1421 metum
941 1369 972 1420 et
985 1368 1131 1420 terrorem
1152 1361 1240 1418 ultro

232 1459 321 1532 teras,
336 1460 403 1540 ipse
421 1481 556 1532 securus,
572 1467 603 1518 et
623 1460 710 1519 velut
723 1458 855 1539 quadam
877 1465 1025 1538 perpetua
1042 1457 1184 1536 potentia
1201 1479 1239 1517 ac

231 1563 384 1636 potestate
402 1556 560 1616 munitus?
581 1556 669 1635 cujus
687 1556 733 1614 vis
757 1563 787 1614 et
820 1554 948 1626 utilitas,
973 1555 1063 1612 rebus
1086 1574 1240 1634 prospere

232 1653 415 1725 fluentibus⁴
426 1653 556 1712 aliorum
566 1653 706 1733 perfugio
718 1659 749 1712 et
763 1652 858 1711 tutela
875 1651 1064 1728 intellegitur
1078 1669 1085 1710 :
1100 1650 1149 1708 sin
1163 1671 1239 1730 pro—

232 1749 332 1828 prium
344 1750 512 1829 periculum
534 1751 695 1828 increpuit,
711 1770 771 1808 non
788 1748 910 1807 hercule
928 1748 1021 1807 lorica
1041 1754 1093 1805 aut
1108 1747 1235 1824 gladius

232 1845 263 1902 in
279 1847 343 1904 acie
358 1847 476 1905 firmius
491 1847 715 1905 munimentum
741 1865 831 1925 quam
847 1866 899 1903 reo
922 1852 952 1903 et
966 1843 1154 1923 periclitanti
1172 1845 1239 1903 elo-

232 1943 371 2022 quentia,
385 1943 563 2023 preesidium
581 1943 669 2002 simul
686 1950 715 2001 et
741 1942 844 2013 telum,
868 1963 929 2021 quo
943 1961 1139 2020 propugnare
1151 1942 1236 2020 pari-

234 2047 279 2097 ter
292 2045 322 2098 et
339 2040 499 2112 incessere,
519 2041 584 2098 sive
602 2040 631 2097 in
653 2038 783 2120 judicia,
805 2038 869 2097 sive
884 2039 915 2096 in
930 2045 1049 2108 senatu,
1069 2037 1133 2096 sive
1151 2037 1238 2116 apud

233 2136 402 2216 principem
426 2137 536 2215 possis,
557 2136 637 2202 Quid
653 2143 798 2215 practerea
812 2134 933 2193 dulcius
946 2135 1041 2192 libero
1053 2142 1084 2192 et
1096 2134 1238 2210 ingenuo

233 2233 346 2304 animo,
359 2239 389 2291 et
404 2233 441 2290 ad
459 2232 634 2311 voluptates
650 2233 793 2291 honestas
820 2238 903 2304 nato,
929 2252 1020 2310 quam
1044 2229 1147 2288 videre
1171 2229 1239 2309 ple-

233 2349 304 2388 nam
320 2349 440 2408 semper
454 2335 485 2386 et
502 2329 694 2408 frequentem
710 2328 834 2386 domurn
857 2349 940 2386 suam
958 2347 1109 2385 concursu
1129 2326 1239 2405 splen-

232 2425 463 2484 didissimorum
492 2425 662 2496 hominum,
687 2425 779 2516 idque
801 2425 878 2483 scire
901 2445 962 2482 non
991 2423 1141 2502 pecuniae,
1170 2444 1237 2482 non

233 2522 370 2594 orbitati,
391 2543 489 2602 neque
503 2523 594 2580 officii
610 2522 739 2600 alicujus
750 2520 1017 2592 administrationi,
1033 2519 1085 2578 sed
1102 2518 1160 2577 sibi
1174 2520 1240 2598 ipsi

233 2618 321 2678 dari?
346 2619 428 2698 ipsos
448 2620 522 2699 quin
551 2620 644 2676 immo
676 2619 766 2676 orbos
789 2625 819 2676 et
850 2617 1017 2698 locupletes
1039 2623 1070 2675 et
1088 2623 1240 2696 potentes

233 2717 338 2776 venire
352 2715 532 2795 plerumque
548 2715 584 2774 ad
595 2715 739 2795 juvenem
755 2723 788 2773 et·
797 2734 974 2794 pauperem,
991 2720 1025 2771 ut
1039 2720 1092 2771 aut
1107 2733 1162 2772 sua
1181 2723 1239 2772 aut

233 2814 401 2874 amicorum
430 2813 605 2870 discrimina
623 2811 849 2870 commendent.
882 2803 990 2869 Ullane
1016 2816 1101 2868 tanta
1126 2809 1240 2888 ingen-

233 2911 312 2970 tium
324 2930 416 2990 opum
433 2931 467 2968 ac
484 2929 602 2986 magna
626 2909 771 2988 potentian
792 2907 953 2987 uoluptas,
967 2899 1064 2986 'quam
1092 2907 1241 2985 spectare

187 3063 191 3070 .
233 3007 373 3066 homines
392 3013 511 3066 veteres
532 3013 562 3063 et
577 3026 674 3078 senes
692 3013 722 3063 et
734 3005 829 3062 totius
846 3004 929 3062 orbis
951 3003 1048 3082 gratia
1070 3003 1240 3077 subnixos,

233 3105 265 3162 in
283 3124 401 3163 summa
416 3102 553 3161 omnium
566 3123 667 3160 rerum
681 3101 881 3172 abundantia,
901 3101 1083 3159 confitentes
1099 3098 1131 3156 id
1146 3100 1237 3178 quod

233 3201 383 3280 optimum
394 3200 472 3257 sitse
484 3219 545 3255 non
561 3197 693 3257 habere?
707 3198 724 3256 J
728 3218 776 3256 am
792 3219 865 3257 vero
878 3198 930 3276 qui
946 3203 1122 3274 togatorum
1138 3197 1241 3254 comi·

234 3304 370 3363 tatus-et
397 3297 551 3374 egressus!
575 3315 645 3374 quae
663 3278 692 3352 in
709 3294 833 3373 publico
849 3294 980 3372 speciest
1000 3292 1124 3373 quaein
1146 3291 1237 3371 judi-

193 3387 194 3392 *
232 3393 470 3452 ciisveneratiol
492 3392 574 3470 quod
607 3391 751 3471 gaudium
778 3389 984 3468 consurgendi
1006 3388 1241 3470 assistendiquc

233 3491 314 3554 inter
326 3495 508 3548 tacenteset
530 3485 693 3546 irl'“un1'1'm'
707 3489 890 3546 conversos!
909 3481 997 3545 Coire
1026 3484 1178 3565 populum
1205 3495 1238 3546 et

232 3585 439 3645 circumfundi
466 3604 609 3642 coronam
625 3592 656 3642 et
677 3582 814 3663 accipere
835 3585 976 3643 affectum
1006 3599 1242 3662 quemcumque

235 3687 341 3741 orator
353 3680 505 3739 induerit!
952 3669 953 3672 ¹

652 3899 683 3907 --
706 3868 755 3918 246
775 3896 806 3904 -
