2656 4258
363 134 448 192 208.
467 135 538 192 Les
556 135 626 192 lles
645 133 849 192 flottentes.

324 237 462 318 (Insulae
484 245 624 300 natantes
646 236 894 318 describuntur.)

144 379 180 438 lu
208 375 278 438 lacu
303 378 485 438 Vadimonis
509 378 592 438 nulla
616 378 704 438 navis
728 378 823 459 (sacer
848 379 929 438 enim
956 378 1023 460 est),
1054 378 1176 438 sedlllt.

107 475 248 536 innatant
281 475 401 547 insulae‚
438 475 574 534 berbidae
609 496 716 535 omnes
749 474 899 534 arundine
934 482 965 535 et
997 475 1116 556 junco,¹

6 599 7 602 ¹
106 591 235 652 quaeque
250 571 309 632 alia
324 572 485 632 fecundior
505 571 593 652 palus
613 571 740 652 ipsaque
759 571 810 631 illa
830 573 1007 632 extremitas
1024 571 1116 632 lacus'

106 671 202 730 ellert.
226 669 287 728 Sua
305 660 416 748 cuique
433 669 541 746 figura,
558 675 593 728 ut
613 668 739 740 modus;
762 668 881 727 cunetis
900 687 1007 746 margo
1022 668 1111 728 dera-

105 787 166 838 sus,
196 765 278 846 quia,
308 764 487 845 frequenter
514 765 564 824 vel
598 764 681 823 litori
715 764 766 824 vel
791 763 850 823 sibi
876 765 974 837 illisae,
1006 771 1112 824 terunt

106 867 318 942 tenuaturque.
343 861 404 921 Par
427 861 569 920 omnibus
590 861 734 932 altitude,
759 881 817 941 par
834 861 968 938 levitas:
995 861 1110 942 quippe

6 1039 7 1042 Ἴ
105 958 280 1038 inspeciem
294 958 405 1018 cariuae
421 957 530 1017 humili
545 958 647 1017 radice
662 957 864 1018 descendunt.
886 959 960 1017 Haec
974 958 1012 1017 ab
1026 957 1110 1017 omni

6 1115 7 1134 ἶ
106 1056 199 1116 latere
218 1055 412 1135 perspicitur,
437 1054 606 1135 eademque
629 1075 778 1134 suspensa
804 1055 920 1134 pariter
939 1061 971 1115 et
997 1074 1107 1113 mersa.

105 1152 263 1212 Interdum
280 1152 398 1232 junctae
418 1152 632 1232 copulataeque
650 1158 681 1211 et
702 1150 873 1210 continenti
893 1149 1007 1211 similes
1024 1139 1107 1225 sunt,

6 1259 7 1300 t
104 1249 259 1308 interdurn
276 1247 524 1308 discordantibus
544 1249 646 1308 ventis
665 1247 859 1325 digeruntur,
876 1267 1109 1328 nonnumquam

6 1375 7 1432 p
104 1344 520 1424 destitutae,tranquillitate‚
533 1343 662 1422 singule
692 1345 825 1404 fluitant.
855 1345 944 1424 Saepe
965 1344 1110 1404 'minores

6 1439 8 1512 l
104 1440 285 1523 majoribus,
310 1440 395 1520 velut
417 1440 570 1520 cymbulae
592 1441 749 1513 onerariis,
774 1441 1000 1514 adhaerescunt,
1028 1461 1110 1520 saepe

6 1525 8 1566 t
103 1539 187 1597 inter
205 1559 237 1597 se
258 1537 390 1618 majores
416 1538 611 1616 minoresque
634 1538 719 1618 quasi
744 1559 868 1597 cursum
892 1545 1110 1618 certamenque

6 1675 7 1696 i
104 1634 286 1708 desumunt;
304 1654 411 1693 rursus
427 1645 535 1692 'omnes
555 1634 586 1692 in
603 1633 744 1693 eumdem
763 1634 864 1693 locum
883 1635 1033 1714 appulsae,
1049 1655 1109 1715 qua

6 1711 8 1772 ?
103 1737 268 1800 steterunt,
297 1737 483 1811 promovent
509 1737 634 1803 terram,
663 1738 693 1790 et
717 1727 809 1789 modo
838 1731 905 1804 hac,
938 1731 1030 1790 modo
1057 1731 1110 1790 illa

6 1815 7 1890 l
103 1828 205 1887 lecum
215 1827 351 1886 reddunt
365 1827 586 1906 auseruntque3
604 1847 639 1887 ac
652 1834 719 1886 tum
734 1827 870 1901 demum,
886 1825 962 1886 'cum
974 1828 1110 1887 medium

6 1911 8 1980 ἶ
101 1932 243 1998 tenuere,
256 1945 318 1982 non
328 1925 528 1983 contrahunt.
545 1924 676 1983 Constat
684 1945 806 2004 pecora,
817 1924 931 1982 herbas
942 1931 1057 1996 secuta,
1066 1925 1111 1984 sic

101 2021 135 2079 in
152 2021 268 2081 insulas
288 2019 367 2093 illas,
388 2028 421 2079 ut
441 2021 472 2078 in
493 2021 660 2080 extremam
680 2021 788 2100 ripam,
811 2019 984 2100 procedere
998 2021 1108 2092 solere,

6 2165 7 2174 ,
102 2137 162 2176 nec
183 2118 269 2196 prius
291 2116 468 2194 intellegere
490 2117 602 2176 mobile
621 2117 730 2189 solum,
748 2113 946 2196 quam'litori
968 2117 1107 2197 abrepta,

6 2217 8 2260 l
100 2213 192 2295 quasi
224 2213 310 2273 illata
345 2220 375 2273 et
409 2214 553 2292 imposita
582 2213 804 2273 circumfusum
839 2213 975 2294 undique
1009 2212 1110 2273 lacurn

100 2318 253 2391 paveant;
279 2330 434 2390 moxque
457 2311 562 2369 tulerit
583 2316 694 2368 ventus
720 2307 851 2390 egressa,
875 2328 938 2369 non
961 2310 1057 2389 magis
1078 2331 1111 2370 se

101 2406 299 2467 descendisse
315 2407 439 2481 sentire,
458 2427 549 2487 quarn
563 2407 713 2466 senserint
728 2405 910 2468 ascendisse.

317 2591 401 2650 209.
420 2595 475 2649 Le
493 2548 624 2650 source
644 2593 691 2649 du
710 2549 898 2651 Clitumne.

428 2696 486 2777 (De
509 2695 664 2758 Clitumni
682 2696 793 2778 fonte.)

142 2827 297 2888 Vidistine
309 2815 475 2910 aliquando
494 2828 685 2918 Clitumnum
707 2829 848 2891 sontem?
865 2815 896 2904 Si
911 2829 1050 2892 nondum
1065 2829 1109 2914 (et
1119 2819 1174 2890 lth.

101 2931 181 3006 puto
203 2924 366 2992 nondum:
392 2925 505 3004 alioqui
528 2946 682 2990 narrasses
707 2925 803 3002 mihil,
824 2925 912 2995 vide;
932 2947 1022 3006 quern
1052 2947 1108 3005 ego

101 3021 245 3102 (paenitet
265 3019 430 3101 tarditatis)
451 3022 588 3102 proxime
608 3022 681 3082 vidi.
703 3007 844 3081 Modicus
860 3021 946 3081 collis
966 3023 1108 3100 assurgit,

100 3118 231 3198 antiqua
247 3107 396 3198 cupressu
418 3127 645 3184 nemorosus'et
664 3140 789 3199 opacus.
812 3119 903 3178 Hunc
921 3119 1026 3178 subter
1040 3121 1110 3178 lons

100 3215 181 3285 exit,
198 3222 230 3274 et
247 3215 436 3295 exprimitur¹
448 3215 588 3297 pluribus
610 3203 775 3288 venis'sed
790 3216 976 3296 imparibus;
998 3215 1111 3275 elucta-

100 3319 217 3390 tusque
231 3325 325 3391 quern
343 3311 417 3372 lacit
431 3313 593 3392 gurgitem,
609 3312 671 3387 lato
691 3312 807 3390 gremio
826 3312 955 3392 patescit
973 3334 1067 3392 purus
1081 3321 1112 3372 et

101 3409 233 3480 vitreus,
258 3415 292 3474 ut
314 3396 474 3476 numerare
492 3409 591 3489 jactas
616 3393 710 3489 stipes
732 3415 763 3468 et
783 3408 954 3468 relucentes
977 3410 1111 3469 calculos

98 3503 214 3585 possis.
242 3503 318 3580 lude
344 3525 406 3564 non
431 3505 491 3565 loci
515 3497 698 3580 devexitate,
725 3504 778 3564 secl
800 3505 865 3586 ipsa
893 3505 939 3565 sui
966 3508 1054 3586 copia
1081 3515 1112 3566 et

96 3599 194 3682 quasi
204 3592 339 3681 pondere
351 3601 528 3682 impellitur.
546 3603 626 3662 Fons
643 3602 754 3674 adhuc,
771 3601 875 3682 etjam
888 3604 1109 3683 amplissimum
1199 3671 1202 3676 ¹

94 3699 232 3769 flumen,
255 3687 349 3780 atque¹
363 3693 457 3758 ‘etiam
470 3687 599 3759 'navium
615 3699 746 3779 patienS,
768 3719 843 3778 quas
861 3699 967 3759 obvias
987 3721 1112 3782 quoque

194 3803 236 3844 Vis
243 3805 323 3856 prives
335 3803 373 3846 des
385 3805 503 3848 Romaim.
634 3813 636 3815 ·
726 3831 728 3836 ,
1006 3806 1031 3846 10
1071 3827 1073 3834 κ

536 3876 700 3938 ωηεν-
