<?xml version="1.0" encoding="UTF-8"?>
<!DOCTYPE html PUBLIC "-//W3C//DTD XHTML 1.0 Transitional//EN"
    "http://www.w3.org/TR/xhtml1/DTD/xhtml1-transitional.dtd">
<html xmlns="http://www.w3.org/1999/xhtml" xml:lang="en" lang="en">
 <head>
  <title>
</title>
<meta http-equiv="Content-Type" content="text/html;charset=utf-8" />
  <meta name='ocr-system' content='tesseract 3.04.00' />
  <meta name='ocr-capabilities' content='ocr_page ocr_carea ocr_par ocr_line ocrx_word'/>
</head>
<body>
  <div class='ocr_page' id='page_1' title='image "./depublicaprivat00arnagoog_0210.png"; bbox 0 0 2656 4258; ppageno 0'>
   <div class='ocr_carea' id='block_1_1' title="bbox 462 196 761 390">
    <p class='ocr_par' dir='ltr' id='par_1_1' title="bbox 462 196 761 390">
     <span class='ocr_line' id='line_1_1' title="bbox 462 196 761 272; baseline -0.013 -11"><span class='ocrx_word' id='word_1_1' title='bbox 462 196 761 272; x_wconf 70' lang='lat' dir='ltr'>mosyraeuse.</span> 
     </span>
     <span class='ocr_line' id='line_1_2' title="bbox 477 305 749 390; baseline 0 -22"><span class='ocrx_word' id='word_1_2' title='bbox 477 307 535 388; x_wconf 89' lang='lat' dir='ltr'>(De</span> <span class='ocrx_word' id='word_1_3' title='bbox 555 305 749 390; x_wconf 74' lang='lat' dir='ltr'>Syracusis.)</span> 
     </span>
    </p>
   </div>
   <div class='ocr_carea' id='block_1_2' title="bbox 152 444 1180 548">
    <p class='ocr_par' dir='ltr' id='par_1_2' title="bbox 152 444 1180 548">
     <span class='ocr_line' id='line_1_3' title="bbox 152 444 1180 548; baseline -0.001 -24"><span class='ocrx_word' id='word_1_4' title='bbox 152 465 195 525; x_wconf 90' lang='lat' dir='ltr'>Ea</span> <span class='ocrx_word' id='word_1_5' title='bbox 212 444 299 532; x_wconf 79' lang='lat' dir='ltr'>lanta</span> <span class='ocrx_word' id='word_1_6' title='bbox 311 461 357 527; x_wconf 81' lang='lat' dir='ltr'>est</span> <span class='ocrx_word' id='word_1_7' title='bbox 373 466 446 527; x_wconf 91' lang='lat' dir='ltr'>urbs</span> <span class='ocrx_word' id='word_1_8' title='bbox 463 472 498 526; x_wconf 91' lang='lat' dir='ltr'>ut</span> <span class='ocrx_word' id='word_1_9' title='bbox 515 469 552 526; x_wconf 80' lang='lat' dir='ltr'>e&#39;x</span> <span class='ocrx_word' id='word_1_10' title='bbox 569 473 701 548; x_wconf 90' lang='lat' dir='ltr'>quatuor</span> <span class='ocrx_word' id='word_1_11' title='bbox 714 466 842 528; x_wconf 87' lang='lat' dir='ltr'>urbibus</span> <span class='ocrx_word' id='word_1_12' title='bbox 856 465 998 526; x_wconf 85' lang='lat' dir='ltr'>maximis</span> <span class='ocrx_word' id='word_1_13' title='bbox 1023 485 1114 548; x_wconf 79' lang='lat' dir='ltr'>cons·</span> <span class='ocrx_word' id='word_1_14' title='bbox 1135 458 1180 523; x_wconf 56' lang='lat'>&#39;3’</span> 
     </span>
    </p>
   </div>
   <div class='ocr_carea' id='block_1_3' title="bbox 3 561 1139 742">
    <p class='ocr_par' dir='ltr' id='par_1_3' title="bbox 3 561 1139 742">
     <span class='ocr_line' id='line_1_4' title="bbox 3 561 1139 644; baseline 0.001 -24"><span class='ocrx_word' id='word_1_15' title='bbox 3 633 5 642; x_wconf 72' lang='lat'>‚</span> <span class='ocrx_word' id='word_1_16' title='bbox 114 567 177 621; x_wconf 88' lang='lat' dir='ltr'>tare</span> <span class='ocrx_word' id='word_1_17' title='bbox 191 561 322 628; x_wconf 86' lang='lat' dir='ltr'>dicatur.</span> <span class='ocrx_word' id='word_1_18' title='bbox 341 563 476 632; x_wconf 87' lang='lat' dir='ltr'>Quarum</span> <span class='ocrx_word' id='word_1_19' title='bbox 492 584 553 623; x_wconf 90' lang='lat' dir='ltr'>una</span> <span class='ocrx_word' id='word_1_20' title='bbox 575 569 622 623; x_wconf 86' lang='lat' dir='ltr'>est</span> <span class='ocrx_word' id='word_1_21' title='bbox 636 584 683 635; x_wconf 83' lang='lat' dir='ltr'>ea,</span> <span class='ocrx_word' id='word_1_22' title='bbox 698 563 878 644; x_wconf 77' lang='lat' dir='ltr'>quam-dixi,</span> <span class='ocrx_word' id='word_1_23' title='bbox 896 563 1010 634; x_wconf 86' lang='lat' dir='ltr'>Insula,</span> <span class='ocrx_word' id='word_1_24' title='bbox 1029 581 1111 643; x_wconf 70' lang='lat' dir='ltr'>quse,</span> <span class='ocrx_word' id='word_1_25' title='bbox 1124 629 1139 642; x_wconf 77' lang='lat'><em>„</em></span> 
     </span>
     <span class='ocr_line' id='line_1_5' title="bbox 3 649 1114 742; baseline 0.001 -25"><span class='ocrx_word' id='word_1_26' title='bbox 3 719 4 728; x_wconf 54' lang='grc'>,</span> <span class='ocrx_word' id='word_1_27' title='bbox 113 657 234 728; x_wconf 87' lang='lat' dir='ltr'>duobus</span> <span class='ocrx_word' id='word_1_28' title='bbox 252 661 403 740; x_wconf 89' lang='lat' dir='ltr'>portubus</span> <span class='ocrx_word' id='word_1_29' title='bbox 426 661 538 732; x_wconf 75' lang='lat' dir='ltr'>cincta,</span> <span class='ocrx_word' id='word_1_30' title='bbox 555 660 587 719; x_wconf 91' lang='lat' dir='ltr'>in</span> <span class='ocrx_word' id='word_1_31' title='bbox 607 660 768 740; x_wconf 89' lang='lat' dir='ltr'>utriusque</span> <span class='ocrx_word' id='word_1_32' title='bbox 788 660 1028 740; x_wconf 82' lang='lat' dir='ltr'>portus-ostium</span> <span class='ocrx_word' id='word_1_33' title='bbox 1050 649 1114 742; x_wconf 85' lang='lat' dir='ltr'>adi-</span> 
     </span>
    </p>
   </div>
   <div class='ocr_carea' id='block_1_4' title="bbox 3 754 1176 2491">
    <p class='ocr_par' dir='ltr' id='par_1_4' title="bbox 3 754 1176 2491">
     <span class='ocr_line' id='line_1_6' title="bbox 113 754 1114 839; baseline -0.002 -25"><span class='ocrx_word' id='word_1_34' title='bbox 113 760 240 836; x_wconf 86' lang='lat' dir='ltr'>tumque</span> <span class='ocrx_word' id='word_1_35' title='bbox 253 757 390 839; x_wconf 87' lang='lat' dir='ltr'>projecta</span> <span class='ocrx_word' id='word_1_36' title='bbox 402 764 461 832; x_wconf 87' lang='lat' dir='ltr'>est;</span> <span class='ocrx_word' id='word_1_37' title='bbox 479 757 584 838; x_wconf 88' lang='lat' dir='ltr'>inqua</span> <span class='ocrx_word' id='word_1_38' title='bbox 598 756 707 816; x_wconf 91' lang='lat' dir='ltr'>domus</span> <span class='ocrx_word' id='word_1_39' title='bbox 722 764 779 831; x_wconf 85' lang='lat' dir='ltr'>est,</span> <span class='ocrx_word' id='word_1_40' title='bbox 790 777 859 837; x_wconf 85' lang='lat' dir='ltr'>quae</span> <span class='ocrx_word' id='word_1_41' title='bbox 871 756 951 835; x_wconf 83' lang='lat' dir='ltr'>regis</span> <span class='ocrx_word' id='word_1_42' title='bbox 968 754 1114 816; x_wconf 88' lang='lat' dir='ltr'>Hieronis</span> 
     </span>
     <span class='ocr_line' id='line_1_7' title="bbox 24 850 1114 936; baseline 0.002 -26"><span class='ocrx_word' id='word_1_43' title='bbox 24 897 27 904; x_wconf 91' lang='lat'>.</span> <span class='ocrx_word' id='word_1_44' title='bbox 104 851 182 926; x_wconf 77' lang='lat' dir='ltr'>luit,</span> <span class='ocrx_word' id='word_1_45' title='bbox 200 874 261 935; x_wconf 86' lang='lat' dir='ltr'>qua</span> <span class='ocrx_word' id='word_1_46' title='bbox 277 862 425 936; x_wconf 87' lang='lat' dir='ltr'>praetores</span> <span class='ocrx_word' id='word_1_47' title='bbox 445 855 490 913; x_wconf 88' lang='lat' dir='ltr'>uti</span> <span class='ocrx_word' id='word_1_48' title='bbox 504 854 615 915; x_wconf 83' lang='lat' dir='ltr'><strong>solent.</strong></span> <span class='ocrx_word' id='word_1_49' title='bbox 631 854 667 913; x_wconf 92' lang='lat' dir='ltr'>ln</span> <span class='ocrx_word' id='word_1_50' title='bbox 686 875 721 913; x_wconf 87' lang='lat' dir='ltr'>ea</span> <span class='ocrx_word' id='word_1_51' title='bbox 736 861 808 912; x_wconf 88' lang='lat' dir='ltr'>sunt</span> <span class='ocrx_word' id='word_1_52' title='bbox 825 850 904 914; x_wconf 86' lang='lat' dir='ltr'>aedes</span> <span class='ocrx_word' id='word_1_53' title='bbox 917 873 1012 912; x_wconf 86' lang='lat' dir='ltr'>sacrae</span> <span class='ocrx_word' id='word_1_54' title='bbox 1029 853 1114 934; x_wconf 47' lang='lat' dir='ltr'>comp</span> 
     </span>
     <span class='ocr_line' id='line_1_8' title="bbox 112 949 1112 1032; baseline 0.002 -26"><span class='ocrx_word' id='word_1_55' title='bbox 112 949 227 1028; x_wconf 81' lang='lat' dir='ltr'>plures,</span> <span class='ocrx_word' id='word_1_56' title='bbox 238 952 291 1011; x_wconf 87' lang='lat' dir='ltr'>sed</span> <span class='ocrx_word' id='word_1_57' title='bbox 304 951 373 1012; x_wconf 89' lang='lat' dir='ltr'>duae</span> <span class='ocrx_word' id='word_1_58' title='bbox 388 972 456 1032; x_wconf 89' lang='lat' dir='ltr'>quae</span> <span class='ocrx_word' id='word_1_59' title='bbox 470 953 560 1030; x_wconf 84' lang='lat' dir='ltr'>longe</span> <span class='ocrx_word' id='word_1_60' title='bbox 575 951 685 1010; x_wconf 88' lang='lat' dir='ltr'>ceteris</span> <span class='ocrx_word' id='word_1_61' title='bbox 695 950 904 1012; x_wconf 86' lang='lat' dir='ltr'>antecellunt:</span> <span class='ocrx_word' id='word_1_62' title='bbox 920 949 1029 1010; x_wconf 81' lang='lat' dir='ltr'>Dianae</span> <span class='ocrx_word' id='word_1_63' title='bbox 1041 969 1112 1028; x_wconf 72' lang='lat' dir='ltr'>una,</span> 
     </span>
     <span class='ocr_line' id='line_1_9' title="bbox 101 1047 1114 1128; baseline 0 -24"><span class='ocrx_word' id='word_1_64' title='bbox 101 1049 143 1104; x_wconf 78' lang='lat' dir='ltr'>&#39;et</span> <span class='ocrx_word' id='word_1_65' title='bbox 157 1047 252 1107; x_wconf 88' lang='lat' dir='ltr'>altera</span> <span class='ocrx_word' id='word_1_66' title='bbox 267 1048 472 1120; x_wconf 86' lang='lat' dir='ltr'>ornatissima,</span> <span class='ocrx_word' id='word_1_67' title='bbox 487 1049 649 1108; x_wconf 85' lang='lat' dir='ltr'>Minervae.</span> <span class='ocrx_word' id='word_1_68' title='bbox 669 1048 706 1107; x_wconf 92' lang='lat' dir='ltr'>ln</span> <span class='ocrx_word' id='word_1_69' title='bbox 725 1048 782 1107; x_wconf 88' lang='lat' dir='ltr'>hac</span> <span class='ocrx_word' id='word_1_70' title='bbox 800 1047 899 1106; x_wconf 88' lang='lat' dir='ltr'>insula</span> <span class='ocrx_word' id='word_1_71' title='bbox 916 1054 1052 1106; x_wconf 87' lang='lat' dir='ltr'>extrema</span> <span class='ocrx_word' id='word_1_72' title='bbox 1066 1051 1114 1128; x_wconf 83' lang='lat' dir='ltr'>est</span> 
     </span>
     <span class='ocr_line' id='line_1_10' title="bbox 107 1141 1113 1224; baseline -0.002 -23"><span class='ocrx_word' id='word_1_73' title='bbox 107 1143 295 1224; x_wconf 79' lang='lat' dir='ltr'>lonsa&#39;quae</span> <span class='ocrx_word' id='word_1_74' title='bbox 322 1145 434 1220; x_wconf 67' lang='lat' dir='ltr'>dulcis,&#39;</span> <span class='ocrx_word' id='word_1_75' title='bbox 457 1145 508 1204; x_wconf 91' lang='lat' dir='ltr'>cui</span> <span class='ocrx_word' id='word_1_76' title='bbox 532 1166 644 1205; x_wconf 91' lang='lat' dir='ltr'>nomen</span> <span class='ocrx_word' id='word_1_77' title='bbox 669 1145 822 1204; x_wconf 83' lang='lat' dir='ltr'><strong>Arethusa</strong></span> <span class='ocrx_word' id='word_1_78' title='bbox 853 1151 910 1218; x_wconf 87' lang='lat' dir='ltr'>est,</span> <span class='ocrx_word' id='word_1_79' title='bbox 939 1141 1113 1222; x_wconf 76' lang='lat' dir='ltr'>incredibili</span> 
     </span>
     <span class='ocr_line' id='line_1_11' title="bbox 104 1239 1113 1326; baseline 0 -30"><span class='ocrx_word' id='word_1_80' title='bbox 104 1239 336 1318; x_wconf 71' lang='lat' dir='ltr'>”magnitudine</span> <span class='ocrx_word' id='word_1_81' title='bbox 353 1241 458 1301; x_wconf 88' lang='lat' dir='ltr'>Altera</span> <span class='ocrx_word' id='word_1_82' title='bbox 478 1249 579 1301; x_wconf 87' lang='lat' dir='ltr'>autem</span> <span class='ocrx_word' id='word_1_83' title='bbox 596 1248 643 1326; x_wconf 84' lang='lat' dir='ltr'>est</span> <span class='ocrx_word' id='word_1_84' title='bbox 656 1242 729 1303; x_wconf 90' lang='lat' dir='ltr'>urbs</span> <span class='ocrx_word' id='word_1_85' title='bbox 743 1241 912 1321; x_wconf 85' lang='lat' dir='ltr'>Syracusis,</span> <span class='ocrx_word' id='word_1_86' title='bbox 931 1239 980 1300; x_wconf 91' lang='lat' dir='ltr'>cui</span> <span class='ocrx_word' id='word_1_87' title='bbox 1000 1257 1113 1326; x_wconf 80' lang='lat' dir='ltr'>nomen</span> 
     </span>
     <span class='ocr_line' id='line_1_12' title="bbox 111 1321 1113 1419; baseline 0 -25"><span class='ocrx_word' id='word_1_88' title='bbox 111 1336 287 1397; x_wconf 82' lang='lat' dir='ltr'>Achradina</span> <span class='ocrx_word' id='word_1_89' title='bbox 318 1346 374 1411; x_wconf 86' lang='lat' dir='ltr'>est,</span> <span class='ocrx_word' id='word_1_90' title='bbox 403 1339 434 1398; x_wconf 91' lang='lat' dir='ltr'>in</span> <span class='ocrx_word' id='word_1_91' title='bbox 464 1344 525 1419; x_wconf 87' lang='lat' dir='ltr'>qua</span> <span class='ocrx_word' id='word_1_92' title='bbox 559 1340 659 1397; x_wconf 87' lang='lat' dir='ltr'>lorum</span> <span class='ocrx_word' id='word_1_93' title='bbox 691 1327 877 1410; x_wconf 42' lang='lat' dir='ltr'>maximum(</span> <span class='ocrx_word' id='word_1_94' title='bbox 897 1321 1113 1417; x_wconf 72' lang='lat' dir='ltr'>pulcherrimae</span> 
     </span>
     <span class='ocr_line' id='line_1_13' title="bbox 111 1432 1111 1516; baseline -0.002 -24"><span class='ocrx_word' id='word_1_95' title='bbox 111 1436 261 1512; x_wconf 79' lang='lat' dir='ltr'>porticus,</span> <span class='ocrx_word' id='word_1_96' title='bbox 281 1436 511 1496; x_wconf 85' lang='lat' dir='ltr'>ornatissimum</span> <span class='ocrx_word' id='word_1_97' title='bbox 531 1443 726 1516; x_wconf 76' lang='lat' dir='ltr'>prytaneum,</span> <span class='ocrx_word' id='word_1_98' title='bbox 747 1435 933 1514; x_wconf 88' lang='lat' dir='ltr'>amplissima</span> <span class='ocrx_word' id='word_1_99' title='bbox 953 1441 1000 1492; x_wconf 91' lang='lat' dir='ltr'>est</span> <span class='ocrx_word' id='word_1_100' title='bbox 1016 1432 1111 1506; x_wconf 85' lang='lat' dir='ltr'>ouria,</span> 
     </span>
     <span class='ocr_line' id='line_1_14' title="bbox 110 1528 1114 1612; baseline -0.002 -22"><span class='ocrx_word' id='word_1_101' title='bbox 110 1532 325 1612; x_wconf 85' lang='lat' dir='ltr'>templumque</span> <span class='ocrx_word' id='word_1_102' title='bbox 351 1533 507 1610; x_wconf 84' lang='lat' dir='ltr'>egregium</span> <span class='ocrx_word' id='word_1_103' title='bbox 537 1533 625 1592; x_wconf 86' lang='lat' dir='ltr'>Jovis</span> <span class='ocrx_word' id='word_1_104' title='bbox 659 1533 804 1612; x_wconf 82' lang='lat' dir='ltr'>Olympii,</span> <span class='ocrx_word' id='word_1_105' title='bbox 832 1538 1003 1611; x_wconf 82' lang='lat' dir='ltr'>ceteraeque</span> <span class='ocrx_word' id='word_1_106' title='bbox 1028 1528 1114 1589; x_wconf 88' lang='lat' dir='ltr'>urhis</span> 
     </span>
     <span class='ocr_line' id='line_1_15' title="bbox 110 1627 1111 1710; baseline 0 -24"><span class='ocrx_word' id='word_1_107' title='bbox 110 1635 214 1706; x_wconf 83' lang='lat' dir='ltr'>partes</span> <span class='ocrx_word' id='word_1_108' title='bbox 227 1650 288 1689; x_wconf 92' lang='lat' dir='ltr'>una</span> <span class='ocrx_word' id='word_1_109' title='bbox 304 1629 363 1688; x_wconf 91' lang='lat' dir='ltr'>lata</span> <span class='ocrx_word' id='word_1_110' title='bbox 384 1629 438 1688; x_wconf 85' lang='lat' dir='ltr'>via&#39;</span> <span class='ocrx_word' id='word_1_111' title='bbox 447 1637 594 1709; x_wconf 89' lang='lat' dir='ltr'>perpetua</span> <span class='ocrx_word' id='word_1_112' title='bbox 614 1631 782 1710; x_wconf 86' lang='lat' dir='ltr'>multisque</span> <span class='ocrx_word' id='word_1_113' title='bbox 794 1629 976 1688; x_wconf 84' lang='lat' dir='ltr'>transversis</span> <span class='ocrx_word' id='word_1_114' title='bbox 993 1627 1111 1699; x_wconf 82' lang='lat' dir='ltr'>divisae‚</span> 
     </span>
     <span class='ocr_line' id='line_1_16' title="bbox 112 1717 1176 1805; baseline -0.001 -23"><span class='ocrx_word' id='word_1_115' title='bbox 112 1724 242 1804; x_wconf 86' lang='lat' dir='ltr'>privatis</span> <span class='ocrx_word' id='word_1_116' title='bbox 258 1725 396 1805; x_wconf 77' lang='lat' dir='ltr'>aediliciis</span> <span class='ocrx_word' id='word_1_117' title='bbox 417 1727 626 1786; x_wconf 88' lang='lat' dir='ltr'>continentur.</span> <span class='ocrx_word' id='word_1_118' title='bbox 645 1727 747 1786; x_wconf 87' lang='lat' dir='ltr'>Tertia</span> <span class='ocrx_word' id='word_1_119' title='bbox 765 1733 810 1784; x_wconf 89' lang='lat' dir='ltr'>est</span> <span class='ocrx_word' id='word_1_120' title='bbox 828 1726 911 1794; x_wconf 79' lang='lat' dir='ltr'>urbs,</span> <span class='ocrx_word' id='word_1_121' title='bbox 933 1746 1013 1805; x_wconf 86' lang='lat' dir='ltr'>quae,</span> <span class='ocrx_word' id='word_1_122' title='bbox 1028 1723 1127 1804; x_wconf 85' lang='lat' dir='ltr'>&#39;quod-</span> <span class='ocrx_word' id='word_1_123' title='bbox 1170 1717 1176 1773; x_wconf 76' lang='lat' dir='ltr'>l</span> 
     </span>
     <span class='ocr_line' id='line_1_17' title="bbox 110 1808 1114 1902; baseline 0.001 -24"><span class='ocrx_word' id='word_1_124' title='bbox 110 1820 144 1879; x_wconf 90' lang='lat' dir='ltr'>in</span> <span class='ocrx_word' id='word_1_125' title='bbox 156 1841 192 1880; x_wconf 90' lang='lat' dir='ltr'>ea</span> <span class='ocrx_word' id='word_1_126' title='bbox 204 1808 291 1902; x_wconf 75' lang='lat' dir='ltr'>parte</span> <span class='ocrx_word' id='word_1_127' title='bbox 307 1823 451 1882; x_wconf 76' lang='lat' dir='ltr'>Fortunae</span> <span class='ocrx_word' id='word_1_128' title='bbox 465 1823 569 1882; x_wconf 85' lang='lat' dir='ltr'>fanum</span> <span class='ocrx_word' id='word_1_129' title='bbox 582 1824 744 1902; x_wconf 90' lang='lat' dir='ltr'>antiquum</span> <span class='ocrx_word' id='word_1_130' title='bbox 757 1821 826 1895; x_wconf 86' lang='lat' dir='ltr'>suit,</span> <span class='ocrx_word' id='word_1_131' title='bbox 841 1822 944 1901; x_wconf 87' lang='lat' dir='ltr'>Tycha</span> <span class='ocrx_word' id='word_1_132' title='bbox 955 1821 1114 1880; x_wconf 89' lang='lat' dir='ltr'>&#39;nominata</span> 
     </span>
     <span class='ocr_line' id='line_1_18' title="bbox 3 1905 1113 2000; baseline 0.003 -28"><span class='ocrx_word' id='word_1_133' title='bbox 3 1959 4 1972; x_wconf 64' lang='grc'>,</span> <span class='ocrx_word' id='word_1_134' title='bbox 110 1924 176 1991; x_wconf 83' lang='lat' dir='ltr'>est3</span> <span class='ocrx_word' id='word_1_135' title='bbox 200 1905 313 1985; x_wconf 82' lang='lat' dir='ltr'>colitur</span> <span class='ocrx_word' id='word_1_136' title='bbox 335 1940 368 1978; x_wconf 90' lang='lat' dir='ltr'>ea</span> <span class='ocrx_word' id='word_1_137' title='bbox 391 1940 462 2000; x_wconf 90' lang='lat' dir='ltr'>pars</span> <span class='ocrx_word' id='word_1_138' title='bbox 486 1926 518 1979; x_wconf 92' lang='lat' dir='ltr'>et</span> <span class='ocrx_word' id='word_1_139' title='bbox 537 1920 693 1979; x_wconf 87' lang='lat' dir='ltr'>habitatur</span> <span class='ocrx_word' id='word_1_140' title='bbox 716 1918 974 1999; x_wconf 82' lang='lat' dir='ltr'>frequentissime.</span> <span class='ocrx_word' id='word_1_141' title='bbox 999 1915 1113 1983; x_wconf 88' lang='lat' dir='ltr'>Quarta</span> 
     </span>
     <span class='ocr_line' id='line_1_19' title="bbox 3 2000 1114 2095; baseline -0.002 -23"><span class='ocrx_word' id='word_1_142' title='bbox 3 2059 5 2090; x_wconf 66' lang='lat' dir='ltr'>r</span> <span class='ocrx_word' id='word_1_143' title='bbox 110 2021 219 2076; x_wconf 65' lang='lat' dir='ltr'>autem.</span> <span class='ocrx_word' id='word_1_144' title='bbox 231 2000 277 2074; x_wconf 81' lang='lat' dir='ltr'>est</span> <span class='ocrx_word' id='word_1_145' title='bbox 289 2015 372 2086; x_wconf 84' lang='lat' dir='ltr'>urbs,</span> <span class='ocrx_word' id='word_1_146' title='bbox 391 2037 472 2095; x_wconf 88' lang='lat' dir='ltr'>quae,</span> <span class='ocrx_word' id='word_1_147' title='bbox 488 2015 560 2095; x_wconf 90' lang='lat' dir='ltr'>quia</span> <span class='ocrx_word' id='word_1_148' title='bbox 580 2023 734 2095; x_wconf 87' lang='lat' dir='ltr'>postrema</span> <span class='ocrx_word' id='word_1_149' title='bbox 755 2014 905 2074; x_wconf 74' lang='lat' dir='ltr'>aedificata</span> <span class='ocrx_word' id='word_1_150' title='bbox 920 2020 977 2086; x_wconf 86' lang='lat' dir='ltr'>est,</span> <span class='ocrx_word' id='word_1_151' title='bbox 993 2013 1114 2091; x_wconf 85' lang='lat' dir='ltr'>Neapo-</span> 
     </span>
     <span class='ocr_line' id='line_1_20' title="bbox 108 2096 1112 2190; baseline -0.001 -23"><span class='ocrx_word' id='word_1_152' title='bbox 108 2109 149 2168; x_wconf 88' lang='lat' dir='ltr'>lis</span> <span class='ocrx_word' id='word_1_153' title='bbox 164 2096 354 2184; x_wconf 84' lang='lat' dir='ltr'>nominatur,</span> <span class='ocrx_word' id='word_1_154' title='bbox 370 2131 461 2190; x_wconf 91' lang='lat' dir='ltr'>quam</span> <span class='ocrx_word' id='word_1_155' title='bbox 475 2111 512 2169; x_wconf 88' lang='lat' dir='ltr'>ad</span> <span class='ocrx_word' id='word_1_156' title='bbox 528 2131 678 2169; x_wconf 85' lang='lat' dir='ltr'>summam</span> <span class='ocrx_word' id='word_1_157' title='bbox 691 2110 846 2170; x_wconf 86' lang='lat' dir='ltr'>theatrum</span> <span class='ocrx_word' id='word_1_158' title='bbox 865 2118 913 2170; x_wconf 89' lang='lat' dir='ltr'>est</span> <span class='ocrx_word' id='word_1_159' title='bbox 928 2109 1112 2181; x_wconf 84' lang='lat' dir='ltr'>maximum;</span> 
     </span>
     <span class='ocr_line' id='line_1_21' title="bbox 108 2197 1114 2288; baseline -0.002 -23"><span class='ocrx_word' id='word_1_160' title='bbox 108 2197 261 2286; x_wconf 82' lang='lat' dir='ltr'>praeterea</span> <span class='ocrx_word' id='word_1_161' title='bbox 275 2207 337 2266; x_wconf 92' lang='lat' dir='ltr'>duo</span> <span class='ocrx_word' id='word_1_162' title='bbox 351 2209 464 2288; x_wconf 88' lang='lat' dir='ltr'>templa</span> <span class='ocrx_word' id='word_1_163' title='bbox 477 2215 549 2266; x_wconf 90' lang='lat' dir='ltr'>sunt</span> <span class='ocrx_word' id='word_1_164' title='bbox 564 2209 696 2286; x_wconf 81' lang='lat' dir='ltr'>egregia,</span> <span class='ocrx_word' id='word_1_165' title='bbox 721 2207 841 2284; x_wconf 83' lang='lat' dir='ltr'>Cereris</span> <span class='ocrx_word' id='word_1_166' title='bbox 859 2227 966 2278; x_wconf 79' lang='lat' dir='ltr'>unum,</span> <span class='ocrx_word' id='word_1_167' title='bbox 983 2205 1114 2267; x_wconf 87' lang='lat' dir='ltr'>alterum</span> 
     </span>
     <span class='ocr_line' id='line_1_22' title="bbox 108 2302 1115 2394; baseline -0.002 -32"><span class='ocrx_word' id='word_1_168' title='bbox 108 2304 249 2377; x_wconf 75' lang='lat' dir='ltr'>Liberae3</span> <span class='ocrx_word' id='word_1_169' title='bbox 264 2305 448 2394; x_wconf 78' lang='lat' dir='ltr'>signumque</span> <span class='ocrx_word' id='word_1_170' title='bbox 463 2305 625 2384; x_wconf 89' lang='lat' dir='ltr'>Apollinis,</span> <span class='ocrx_word' id='word_1_171' title='bbox 639 2305 691 2387; x_wconf 91' lang='lat' dir='ltr'>qui</span> <span class='ocrx_word' id='word_1_172' title='bbox 705 2305 879 2364; x_wconf 86' lang='lat' dir='ltr'>Temenites</span> <span class='ocrx_word' id='word_1_173' title='bbox 891 2311 1032 2378; x_wconf 83' lang='lat' dir='ltr'>vocatur,</span> <span class='ocrx_word' id='word_1_174' title='bbox 1045 2302 1115 2383; x_wconf 91' lang='lat' dir='ltr'>pul-</span> 
     </span>
     <span class='ocr_line' id='line_1_23' title="bbox 109 2401 538 2491; baseline 0.005 -32"><span class='ocrx_word' id='word_1_175' title='bbox 109 2401 300 2491; x_wconf 86' lang='lat' dir='ltr'>cherrimum</span> <span class='ocrx_word' id='word_1_176' title='bbox 315 2410 345 2461; x_wconf 90' lang='lat' dir='ltr'>et</span> <span class='ocrx_word' id='word_1_177' title='bbox 361 2423 538 2462; x_wconf 80' lang='lat' dir='ltr'>maximum.</span> 
     </span>
    </p>
   </div>
   <div class='ocr_carea' id='block_1_5' title="bbox 210 2629 933 2702">
    <p class='ocr_par' dir='ltr' id='par_1_5' title="bbox 210 2629 1082 2704">
     <span class='ocr_line' id='line_1_24' title="bbox 210 2629 933 2702; baseline -0.002 -12"><span class='ocrx_word' id='word_1_178' title='bbox 210 2631 215 2641; x_wconf 93' lang='grc'><em>“</em></span> <span class='ocrx_word' id='word_1_179' title='bbox 310 2629 933 2702; x_wconf 73' lang='lat' dir='ltr'>217.11npaysageoerosoane.&#39;</span> 
     </span>
    </p>
   </div>
   <div class='ocr_carea' id='block_1_6' title="bbox 300 2721 1053 2818">
    <p class='ocr_par' dir='ltr' id='par_1_6' title="bbox 300 2721 1053 2818">
     <span class='ocr_line' id='line_1_25' title="bbox 300 2721 1053 2818; baseline -0.001 -22"><span class='ocrx_word' id='word_1_180' title='bbox 300 2725 497 2818; x_wconf 49' lang='lat' dir='ltr'>(De&#39;amoeno</span> <span class='ocrx_word' id='word_1_181' title='bbox 518 2735 655 2818; x_wconf 87' lang='lat' dir='ltr'>quodam</span> <span class='ocrx_word' id='word_1_182' title='bbox 676 2735 815 2797; x_wconf 73' lang='lat' dir='ltr'>Etruria</span> <span class='ocrx_word' id='word_1_183' title='bbox 838 2737 927 2818; x_wconf 81' lang='lat' dir='ltr'>loco.)</span> <span class='ocrx_word' id='word_1_184' title='bbox 962 2751 963 2755; x_wconf 76' lang='grc'>’</span> <span class='ocrx_word' id='word_1_185' title='bbox 1052 2721 1053 2724; x_wconf 20' lang='lat'>¹</span> 
     </span>
    </p>
   </div>
   <div class='ocr_carea' id='block_1_7' title="bbox 103 2894 1183 3849">
    <p class='ocr_par' dir='ltr' id='par_1_7' title="bbox 103 2894 1183 3849">
     <span class='ocr_line' id='line_1_26' title="bbox 152 2894 1183 2976; baseline 0.003 -21"><span class='ocrx_word' id='word_1_186' title='bbox 152 2895 283 2972; x_wconf 61' lang='lat' dir='ltr'>Caelum,</span> <span class='ocrx_word' id='word_1_187' title='bbox 295 2901 341 2954; x_wconf 90' lang='lat' dir='ltr'>est</span> <span class='ocrx_word' id='word_1_188' title='bbox 360 2895 460 2954; x_wconf 87' lang='lat' dir='ltr'>hieme</span> <span class='ocrx_word' id='word_1_189' title='bbox 479 2895 624 2974; x_wconf 81' lang='lat' dir='ltr'>frigidum</span> <span class='ocrx_word' id='word_1_190' title='bbox 645 2903 675 2954; x_wconf 87' lang='lat' dir='ltr'>et</span> <span class='ocrx_word' id='word_1_191' title='bbox 692 2895 844 2974; x_wconf 83' lang='lat' dir='ltr'>gelidum;</span> <span class='ocrx_word' id='word_1_192' title='bbox 866 2897 993 2976; x_wconf 60' lang='lat' dir='ltr'>myrtos</span> <span class='ocrx_word' id='word_1_193' title='bbox 1019 2895 1113 2970; x_wconf 86' lang='lat' dir='ltr'>oleas,</span> <span class='ocrx_word' id='word_1_194' title='bbox 1142 2894 1183 2958; x_wconf 76' lang='lat'>3·</span> 
     </span>
     <span class='ocr_line' id='line_1_27' title="bbox 110 2993 1113 3074; baseline 0.002 -22"><span class='ocrx_word' id='word_1_195' title='bbox 110 3013 246 3074; x_wconf 86' lang='lat' dir='ltr'>quaeque</span> <span class='ocrx_word' id='word_1_196' title='bbox 256 2993 314 3052; x_wconf 93' lang='lat' dir='ltr'>alia</span> <span class='ocrx_word' id='word_1_197' title='bbox 326 2993 448 3052; x_wconf 89' lang='lat' dir='ltr'>assiduo</span> <span class='ocrx_word' id='word_1_198' title='bbox 461 3001 566 3072; x_wconf 88' lang='lat' dir='ltr'>tepore</span> <span class='ocrx_word' id='word_1_199' title='bbox 576 2993 730 3063; x_wconf 86' lang='lat' dir='ltr'>laetantur,</span> <span class='ocrx_word' id='word_1_200' title='bbox 739 3001 922 3073; x_wconf 89' lang='lat' dir='ltr'>aspernatur</span> <span class='ocrx_word' id='word_1_201' title='bbox 931 3013 965 3051; x_wconf 90' lang='lat' dir='ltr'>ac</span> <span class='ocrx_word' id='word_1_202' title='bbox 975 2993 1094 3073; x_wconf 81' lang='lat' dir='ltr'>respuit</span> <span class='ocrx_word' id='word_1_203' title='bbox 1106 3011 1113 3054; x_wconf 71' lang='grc' dir='ltr'><strong><em>ε</em></strong></span> 
     </span>
     <span class='ocr_line' id='line_1_28' title="bbox 109 3089 1113 3169; baseline 0.002 -20"><span class='ocrx_word' id='word_1_204' title='bbox 109 3091 234 3150; x_wconf 91' lang='lat' dir='ltr'>laurum</span> <span class='ocrx_word' id='word_1_205' title='bbox 257 3100 358 3168; x_wconf 80' lang='lat' dir='ltr'>tamen</span> <span class='ocrx_word' id='word_1_206' title='bbox 378 3089 505 3169; x_wconf 85' lang='lat' dir='ltr'>patitur,</span> <span class='ocrx_word' id='word_1_207' title='bbox 527 3095 619 3168; x_wconf 90' lang='lat' dir='ltr'>atque</span> <span class='ocrx_word' id='word_1_208' title='bbox 640 3090 732 3149; x_wconf 83' lang='lat' dir='ltr'>etiam</span> <span class='ocrx_word' id='word_1_209' title='bbox 755 3089 970 3149; x_wconf 83' lang='lat' dir='ltr'>nitidissimam</span> <span class='ocrx_word' id='word_1_210' title='bbox 985 3089 1113 3169; x_wconf 85' lang='lat' dir='ltr'>profert.</span> 
     </span>
     <span class='ocr_line' id='line_1_29' title="bbox 107 3185 1116 3267; baseline 0 -20"><span class='ocrx_word' id='word_1_211' title='bbox 107 3187 242 3264; x_wconf 78' lang='lat' dir='ltr'>AEstatjs</span> <span class='ocrx_word' id='word_1_212' title='bbox 257 3186 336 3246; x_wconf 85' lang='lat' dir='ltr'>mira</span> <span class='ocrx_word' id='word_1_213' title='bbox 351 3186 523 3246; x_wconf 86' lang='lat' dir='ltr'>clementia.</span> <span class='ocrx_word' id='word_1_214' title='bbox 540 3187 666 3266; x_wconf 86' lang='lat' dir='ltr'>Semper</span> <span class='ocrx_word' id='word_1_215' title='bbox 681 3201 738 3246; x_wconf 68' lang='lat' dir='ltr'>&#39;aer</span> <span class='ocrx_word' id='word_1_216' title='bbox 758 3187 867 3266; x_wconf 90' lang='lat' dir='ltr'>spiritu</span> <span class='ocrx_word' id='word_1_217' title='bbox 885 3187 988 3267; x_wconf 91' lang='lat' dir='ltr'>aliquo</span> <span class='ocrx_word' id='word_1_218' title='bbox 1010 3185 1116 3247; x_wconf 71' lang='lat' dir='ltr'>mohe-</span> 
     </span>
     <span class='ocr_line' id='line_1_30' title="bbox 107 3283 1116 3365; baseline -0.001 -21"><span class='ocrx_word' id='word_1_219' title='bbox 107 3293 186 3344; x_wconf 87' lang='lat' dir='ltr'>tur:</span> <span class='ocrx_word' id='word_1_220' title='bbox 210 3284 404 3364; x_wconf 81' lang='lat' dir='ltr'>frequentius</span> <span class='ocrx_word' id='word_1_221' title='bbox 428 3291 531 3343; x_wconf 85' lang='lat' dir='ltr'>tamen</span> <span class='ocrx_word' id='word_1_222' title='bbox 556 3303 644 3344; x_wconf 84' lang='lat' dir='ltr'>auras</span> <span class='ocrx_word' id='word_1_223' title='bbox 665 3295 757 3365; x_wconf 82' lang='lat' dir='ltr'>quam</span> <span class='ocrx_word' id='word_1_224' title='bbox 779 3292 888 3343; x_wconf 88' lang='lat' dir='ltr'>ventos</span> <span class='ocrx_word' id='word_1_225' title='bbox 907 3283 1010 3343; x_wconf 85' lang='lat' dir='ltr'>habet.</span> <span class='ocrx_word' id='word_1_226' title='bbox 1035 3284 1116 3343; x_wconf 90' lang='lat' dir='ltr'>Hinc</span> 
     </span>
     <span class='ocr_line' id='line_1_31' title="bbox 107 3380 1116 3461; baseline 0 -21"><span class='ocrx_word' id='word_1_227' title='bbox 107 3401 201 3440; x_wconf 85' lang='lat' dir='ltr'>senes</span> <span class='ocrx_word' id='word_1_228' title='bbox 212 3381 300 3440; x_wconf 89' lang='lat' dir='ltr'>multi</span> <span class='ocrx_word' id='word_1_229' title='bbox 316 3399 323 3441; x_wconf 94' lang='lat'><strong>:</strong></span> <span class='ocrx_word' id='word_1_230' title='bbox 339 3380 445 3452; x_wconf 84' lang='lat' dir='ltr'>videas</span> <span class='ocrx_word' id='word_1_231' title='bbox 460 3401 535 3440; x_wconf 85' lang='lat' dir='ltr'>avos</span> <span class='ocrx_word' id='word_1_232' title='bbox 555 3400 748 3461; x_wconf 88' lang='lat' dir='ltr'>proavosque</span> <span class='ocrx_word' id='word_1_233' title='bbox 756 3381 819 3460; x_wconf 88' lang='lat' dir='ltr'>jam</span> <span class='ocrx_word' id='word_1_234' title='bbox 828 3381 994 3461; x_wconf 65' lang='lat' dir='ltr'>juvenum</span> <span class='ocrx_word' id='word_1_235' title='bbox 1009 3380 1116 3440; x_wconf 85' lang='lat' dir='ltr'>audias</span> 
     </span>
     <span class='ocr_line' id='line_1_32' title="bbox 104 3474 1116 3557; baseline 0 -21"><span class='ocrx_word' id='word_1_236' title='bbox 104 3474 230 3537; x_wconf 78' lang='lat' dir='ltr'>fabulas</span> <span class='ocrx_word' id='word_1_237' title='bbox 253 3484 372 3550; x_wconf 83' lang='lat' dir='ltr'>veteres</span> <span class='ocrx_word' id='word_1_238' title='bbox 405 3489 622 3556; x_wconf 84' lang='lat' dir='ltr'>sermonesque</span> <span class='ocrx_word' id='word_1_239' title='bbox 644 3477 812 3557; x_wconf 83' lang='lat' dir='ltr'>majorum;</span> <span class='ocrx_word' id='word_1_240' title='bbox 839 3497 971 3557; x_wconf 88' lang='lat' dir='ltr'>cumque</span> <span class='ocrx_word' id='word_1_241' title='bbox 995 3477 1116 3537; x_wconf 87' lang='lat' dir='ltr'>veneris</span> 
     </span>
     <span class='ocr_line' id='line_1_33' title="bbox 105 3573 1116 3656; baseline -0.001 -22"><span class='ocrx_word' id='word_1_242' title='bbox 105 3574 177 3649; x_wconf 87' lang='lat' dir='ltr'>illo,</span> <span class='ocrx_word' id='word_1_243' title='bbox 196 3583 284 3653; x_wconf 89' lang='lat' dir='ltr'>putes</span> <span class='ocrx_word' id='word_1_244' title='bbox 296 3575 358 3656; x_wconf 20' lang='lat' dir='ltr'>&#39;alio</span> <span class='ocrx_word' id='word_1_245' title='bbox 376 3579 405 3634; x_wconf 93' lang='lat' dir='ltr'>te</span> <span class='ocrx_word' id='word_1_246' title='bbox 423 3573 536 3632; x_wconf 86' lang='lat' dir='ltr'>saeculo</span> <span class='ocrx_word' id='word_1_247' title='bbox 553 3581 668 3632; x_wconf 87' lang='lat' dir='ltr'>nutum.</span> <span class='ocrx_word' id='word_1_248' title='bbox 687 3573 837 3651; x_wconf 87' lang='lat' dir='ltr'>Regionis</span> <span class='ocrx_word' id='word_1_249' title='bbox 854 3575 951 3632; x_wconf 85' lang='lat' dir='ltr'>forma</span> <span class='ocrx_word' id='word_1_250' title='bbox 972 3574 1116 3654; x_wconf 88' lang='lat' dir='ltr'>pulcher-</span> 
     </span>
     <span class='ocr_line' id='line_1_34' title="bbox 103 3668 1117 3751; baseline 0.001 -22"><span class='ocrx_word' id='word_1_251' title='bbox 103 3672 200 3730; x_wconf 88' lang='lat' dir='ltr'>rima.</span> <span class='ocrx_word' id='word_1_252' title='bbox 229 3669 400 3747; x_wconf 82' lang='lat' dir='ltr'>Imaginare</span> <span class='ocrx_word' id='word_1_253' title='bbox 428 3668 688 3748; x_wconf 87' lang='lat' dir='ltr'>amphitheatrum</span> <span class='ocrx_word' id='word_1_254' title='bbox 717 3671 843 3751; x_wconf 88' lang='lat' dir='ltr'>aliquod</span> <span class='ocrx_word' id='word_1_255' title='bbox 867 3671 1061 3744; x_wconf 81' lang='lat' dir='ltr'>immensum,</span> <span class='ocrx_word' id='word_1_256' title='bbox 1085 3679 1117 3730; x_wconf 88' lang='lat' dir='ltr'>et</span> 
     </span>
     <span class='ocr_line' id='line_1_35' title="bbox 104 3765 1117 3849; baseline -0.001 -22"><span class='ocrx_word' id='word_1_257' title='bbox 104 3766 203 3849; x_wconf 91' lang='lat' dir='ltr'>quale</span> <span class='ocrx_word' id='word_1_258' title='bbox 229 3765 293 3830; x_wconf 89' lang='lat' dir='ltr'>sola</span> <span class='ocrx_word' id='word_1_259' title='bbox 311 3772 539 3827; x_wconf 70' lang='lat' dir='ltr'>rerum‘natura</span> <span class='ocrx_word' id='word_1_260' title='bbox 561 3767 832 3846; x_wconf 86' lang='lat' dir='ltr'>possit&#39;effingerc.</span> <span class='ocrx_word' id='word_1_261' title='bbox 857 3768 932 3826; x_wconf 88' lang='lat' dir='ltr'>L&#39;ata</span> <span class='ocrx_word' id='word_1_262' title='bbox 954 3765 1117 3826; x_wconf 23' lang='lat' dir='ltr'>etudilt&#39;usa</span> 
     </span>
    </p>
   </div>
   <div class='ocr_carea' id='block_1_8' title="bbox 537 3944 694 3996">
    <p class='ocr_par' dir='ltr' id='par_1_8' title="bbox 537 3944 694 3996">
     <span class='ocr_line' id='line_1_36' title="bbox 537 3944 694 3996; baseline 0 -1"><span class='ocrx_word' id='word_1_263' title='bbox 537 3944 694 3996; x_wconf 44' lang='lat'><strong>*151-</strong></span> 
     </span>
    </p>
   </div>
   <div class='ocr_carea' id='block_1_9' title="bbox 0 0 1332 4258">
    <p class='ocr_par' dir='ltr' id='par_1_9' title="bbox 0 0 1332 4258">
     <span class='ocr_line' id='line_1_37' title="bbox 0 0 1332 4258; baseline 0 3"><span class='ocrx_word' id='word_1_264' title='bbox 0 0 1332 4258; x_wconf 95' lang='lat' dir='ltr'> </span> 
     </span>
    </p>
   </div>
  </div>
 </body>
</html>
