2656 4258
510 195 546 232 Lx
567 195 613 232 vm
634 196 669 232 ura
691 177 807 232 socient
828 195 846 231 a
868 195 945 232 aona

152 341 153 344 =
227 325 289 384 quo
316 312 362 362 est
381 305 489 384 major,
510 325 546 363 eo
566 305 635 384 plus
659 305 787 385 requirit
808 304 852 363 ad.
867 326 899 363 se
921 304 1078 376 tuendam,
1102 325 1139 363 an
1161 323 1233 382 quas

229 401 291 458 suis
309 421 340 459 se
360 401 478 460 viribus
498 402 655 461 sustinet?
677 403 745 460 Non
766 402 969 460 aestimatione
982 421 1101 471 censue,
1122 420 1232 458 verum

229 496 313 556 victu
341 504 433 577 atque
461 498 546 556 cultu
570 483 753 557 termiriatur
780 499 919 578 pecuniae
935 498 1056 569 modus.
1080 497 1148 554 Non
1164 516 1233 554 esse
1278 498 1281 504 '

227 593 386 671 cupidum,
409 595 539 673 pecunia
564 601 626 669 est;
661 615 722 654 non
742 613 807 654 esse
832 615 978 664 emacem,
1007 593 1139 672 vectigal
1163 601 1231 664 est;

228 696 408 748 contentum
424 711 498 750 vero
522 691 585 750 suis
616 692 708 750 rebus
728 713 803 763 esse,
829 671 975 764 maximae!
995 698 1068 749 sunt
1093 689 1232 748 certissi-

230 806 347 866 maeque
362 788 491 847 divitiae.
510 788 630 847 Etenim
646 789 671 846 si
686 773 790 847 callidi
806 809 907 846 rerum
921 788 1122 850 aestimatores
1144 794 1232 865 prata

229 890 260 942 et
276 904 361 943 areas
374 885 522 963 quasdam
538 905 649 963 magno
667 885 833 957 aestimant,
850 884 933 964 quod
948 885 974 942 ei
991 883 1095 962 generi
1110 903 1231 962 posses-

230 980 350 1039 sionum
362 981 488 1039 minime
503 982 589 1061 quasi
608 981 711 1040 noceri
726 988 841 1060 potest,
860 981 970 1060 quanti
987 987 1033 1038 est
1050 977 1231 1038 aestimanda

230 1076 338 1151 virtus,
351 1097 419 1156 quae
437 1099 493 1136 nec
508 1077 596 1156 eripi,
609 1098 664 1136 nec
678 1077 791 1156 surripi
802 1083 923 1159 potest,
941 1097 997 1134 nec
1013 1082 1231 1155 tempestatum

231 1193 285 1231 nec
307 1179 481 1252 temporum
503 1174 730 1252 permutatione
754 1177 917 1233 mutatur?
941 1173 1007 1240 Qua
1027 1193 1046 1251 p
1064 1172 1164 1230 raediti
1178 1173 1235 1252 qui

229 1277 310 1341 sunt,
328 1269 385 1327 soli
400 1278 472 1328 sunt
487 1269 598 1328 divites
613 1270 689 1330 :soli
705 1271 786 1328 enim
802 1269 965 1349 possident
982 1290 1029 1327 res
1045 1276 1076 1327 et
1090 1268 1236 1327 fructuo-

230 1387 277 1424 sas
292 1375 323 1424 et
338 1367 550 1446 sempiternas,

437 1525 518 1582 132.
538 1526 695 1583 L'avare
715 1527 752 1582 et
772 1539 817 1582 sa
838 1526 1026 1582 servante.

380 1629 493 1707 (Arari
512 1629 678 1711 quusclam
699 1639 728 1690 et
748 1629 883 1689 ancittae
905 1627 1076 1710 dialoqur.)

165 1753 204 1816 2⁰
230 1761 318 1819 Nunc
340 1761 498 1820 defaecato
520 1763 644 1821 demum
667 1763 768 1820 animo
791 1762 934 1839 egredior
956 1762 1059 1833 domo,

223 1857 395 1936 Postquam
418 1859 559 1937 perspexi
582 1860 665 1917 salva
687 1879 752 1916 esse
775 1859 858 1916 intus
880 1858 997 1918 omnia.

230 1953 309 2012 Redi
336 1976 417 2012 nunc
440 1955 504 2033 jam
532 1955 614 2014 intro
642 1963 732 2034 atque
759 1955 843 2013 intus
870 1976 967 2013 serva.
996 1991 1036 1999 -
1058 1954 1236 2034 Quippini‘?

229 2051 294 2127 Ego
317 2051 400 2109 intus
423 2055 568 2111 servem?
589 2073 627 2109 an
651 2072 687 2109 ne
710 2052 779 2130 quis
800 2052 885 2110 aedis
907 2051 1052 2110 auferat?

230 2147 306 2206 Nam
329 2147 378 2205 hic
401 2147 483 2226 apud
506 2148 624 2213 nos'nil
648 2156 694 2206 est
716 2148 798 2207 aliud
821 2149 940 2227 quaesti
963 2147 1108 2207 furibus:

229 2244 275 2302 lta
298 2245 409 2302 inaniis
423 2250 504 2302 sunt
525 2244 667 2323 oppletae
691 2252 781 2324 atque
805 2246 933 2303 araneis

229 2376 267 2382 —
289 2341 401 2398 Mirum
424 2341 498 2418 quin
520 2347 576 2398 tua·
595 2361 643 2398 me
665 2362 755 2400 causa
778 2341 870 2399 faciat
890 2340 1036 2420 luppiter

231 2421 407 2515 Philippum
430 2457 531 2515 regem
554 2445 607 2496 aut
629 2437 767 2509 Darium,
792 2438 981 2497 trivenefica.

228 2534 363 2591 Araneas
385 2533 426 2591 mi
449 2554 505 2610 ego
528 2533 595 2591 illas
617 2534 731 2592 servari
754 2535 835 2593 volo,

229 2629 348 2708 Pauper
368 2650 447 2704 sum,
470 2631 578 2702 lateor,
602 2631 702 2710 patior
726 2649 732 2689 :
757 2630 840 2710 quod
863 2630 893 2688 di
916 2630 1001 2700 dant,
1024 2630 1102 2689 fer0.

229 2726 288 2783 Abi
310 2727 403 2801 intr0,
428 2727 553 2785 occlude
573 2727 698 2806 januam
723 2745 729 2786 1
751 2727 813 2806 jani
838 2749 895 2806 ego
918 2728 968 2786 hio
990 2749 1056 2786 ero.

228 2823 310 2881 Cave
332 2844 516 2902 quemquam
539 2824 672 2883 alienum
695 2825 726 2882 in
748 2825 832 2882 aedis
855 2825 1080 2898 intromiseris;

228 2919 316 2986 Quod
338 2921 489 3000 quispiam
512 2921 614 2998 ignem
636 2927 775 3000 quaerat,
798 2922 953 2998 exstingui
976 2921 1052 2979 volo

229 3017 273 3074 Ne
295 3037 403 3075 causae
425 3017 499 3096 quid
521 3017 561 3074 sit
583 3016 665 3096 quod
688 3023 716 3074 te
739 3018 901 3096 quisquam
924 3017 1092 3097 quaeritet.

229 3114 305 3171 Nam
328 3115 352 3170 si
373 3113 453 3190 ignis
475 3114 570 3183 vivet,
594 3123 627 3171 tu
650 3114 844 3191 exstinguere
868 3113 1058 3192 extempulo

227 3209 303 3267 Tum
327 3231 437 3290 aquam
459 3210 615 3287 aufugisse
637 3210 742 3282 dicito,
767 3211 791 3268 si
814 3212 884 3290 quis
908 3218 1003 3291 petet.

228 3305 381 3370 Cultrum.
406 3307 548 3378 securim,
573 3306 732 3385 pistillum,
756 3309 953 3380 mortarium,

227 3401 311 3470 Quae
329 3403 445 3469 ¹utenda
468 3424 540 3462 vasa
563 3424 682 3482 semper
704 3404 802 3462 vicini
824 3412 943 3482 rogant,

229 3500 322 3559 Fures
345 3499 465 3557 venisse
488 3509 580 3579 atque
602 3499 764 3558 abstulisse
787 3501 893 3560 dicito.

228 3590 371 3656 Profecto
393 3595 424 3652 in
446 3596 531 3654 aedis
553 3617 636 3654 meas
659 3617 705 3654 me
728 3597 853 3655 absente
877 3597 1032 3655 neminem

227 3693 307 3752 Volo
329 3693 505 3752 intromitti.
530 3696 631 3772 Atque
654 3695 745 3752 etiam
770 3694 827 3752 hoc
850 3693 993 3773 praedico
1017 3693 1084 3766 tibi,

228 3789 259 3847 Si
282 3791 368 3847 Bona
390 3789 526 3848 Fortuna
549 3790 662 3862 veniat,
687 3811 724 3848 ne
746 3791 965 3850 intromiseris

658 3924 798 3974 -92-

1324 1325 1325 1364 l

1324 1881 1325 1926 l

1324 1927 1325 1966 l

1324 1995 1325 2020 l

1324 2101 1325 2126 l

1324 2149 1325 2174 l

1324 2203 1325 2242 l

1324 2351 1325 2372 l

1050 2526 1063 2550 ο

1324 2717 1325 2738 l

1324 2741 1325 2770 l

1324 2773 1325 2802 l

1324 3621 1325 3646 l
