2682 4258
102 207 211 262 roisrn.
229 237 267 248 -·
280 208 395 264 rubrus.
408 236 448 250 ·-
466 208 640 270 dnoousucu.
653 239 693 248 -
713 203 873 262 onnrsuds.
887 237 926 245 -
944 205 1093 260 antinous

227 663 230 670 ν
283 775 286 786 λ
352 703 437 765 377.
457 708 514 764 Un
532 691 854 776 ostensamque.

404 933 501 1013 (Quid
515 932 556 994 sit
574 933 665 995 attice
682 930 809 1016 dicere.)

149 1241 263 1319 Calvus
284 1261 457 1320 accuratius
476 1260 631 1342 quoddam
650 1259 772 1320 dicendi
785 1268 816 1320 et
832 1259 1014 1341 exquisitius
1035 1259 1105 1318 alle-
1118 1256 1173 1314 uh.

106 1357 199 1440 rebat
216 1375 330 1435 genus;
348 1356 431 1436 quod
447 1378 631 1439 quamquam
649 1358 781 1417 scienter
795 1358 1010 1438 eleganterque
1028 1363 1107 1416 trac-

107 1453 204 1538 tabat,
224 1454 354 1514 nimium
364 1462 467 1513 tamen
476 1455 633 1534 inquirens
648 1455 679 1512 in
695 1475 727 1513 se
742 1462 834 1535 atque
849 1455 913 1534 ipse
929 1475 993 1513 sese
1006 1453 1108 1512 obser·

106 1571 186 1610 vans
206 1559 421 1630 metuensque,
450 1570 487 1610 ne
516 1553 661 1610 vitiosum
687 1551 857 1630 colligeret,
884 1551 977 1610 etiam
1005 1571 1131 1622 verum2

107 1648 291 1726 sanguinem
308 1648 507 1728 deperdebat.
527 1649 635 1728 ltaque
650 1649 716 1728 ejus
731 1648 841 1721 oratic,
857 1648 949 1708 nimia
966 1648 1113 1725 religione

106 1751 281 1817 attenuata,
307 1744 406 1804 doctis
423 1752 454 1804 et
477 1753 594 1804 attente
622 1744 820 1804 audientibus
841 1752 907 1803 erat
934 1744 1072 1816 illustris,
1097 1764 1131 1816 a¹

107 1842 311 1917 multitudine
324 1850 427 1901 autem
442 1850 471 1900 et
485 1863 500 1900 a
521 1842 600 1915 lor0,
615 1842 664 1900 eui
676 1848 746 1901 nata
758 1841 932 1921 eloquentia
950 1849 1007 1915 est,
1022 1841 1114 1899 devo·
1127 1881 1130 1887 κη

107 1938 387 1997 rebatur-Calvus
411 1938 492 1997 enim
512 1939 650 1996 Atticum
672 1959 703 1996 se
719 1937 780 1996 dici
796 1945 948 1997 oratorem
964 1938 1087 1997 volebat
1105 1955 1112 1996 :

107 2033 182 2092 inde
200 2041 265 2093 erat
287 2035 344 2094 ista
360 2035 490 2106 exilitas,
514 2055 607 2114 quam
623 2035 674 2093 ille
687 2035 724 2093 de
746 2035 897 2094 industria
909 2035 1115 2115 consequeba-

108 2132 338 2202 tur-Dicebat,
369 2132 506 2211 inquam,
523 2131 582 2204 ita;
611 2131 664 2190 sed
688 2133 805 2211 etipse
836 2132 957 2191 errabat
984 2140 1016 2190 et
1039 2131 1132 2204 alios,

108 2229 205 2288 etiam
227 2249 328 2288 errare
345 2228 484 2306 cogebat.
503 2229 580 2287 Nam
609 2229 634 2286 si
660 2227 731 2308 qui's
752 2249 817 2310 eos,
846 2229 899 2309 qui
928 2250 983 2288 nec
1012 2229 1133 2308 inepte,

108 2327 232 2396 dicunt,
247 2345 304 2384 nec
319 2325 435 2398 odiose,
449 2347 504 2384 nec
516 2326 632 2404 putide,
648 2326 750 2384 Attice
762 2333 856 2405 ¹putat
873 2326 983 2397 dicere,
995 2327 1020 2384 is
1034 2333 1116 2384 reete
1131 2369 1134 2396 1,

108 2422 173 2481 nisi
187 2421 326 2480 Atticum
347 2423 457 2502 probat
470 2423 635 2481 neminem.
660 2424 868 2482 lnsulsitatem
889 2424 1015 2482 enimet
1036 2423 1134 2493 inse-2

109 2518 240 2598 lentiam
255 2526 413 2597 tamquam
437 2520 587 2577 insaniam
601 2520 765 2599 quamdam
781 2521 929 2578 orationis
945 2520 1021 2593 odit,
1037 2519 1133 2590 sani-v
1214 2557 1217 2563 -

107 2624 209 2675 tatem
223 2623 326 2674 autem
340 2623 370 2673 et
390 2615 599 2692 integritatem
622 2617 709 2696 quasi
725 2616 904 2694 religionem
920 2624 951 2676 et
968 2637 1134 2686 verecun-„

108 2713 197 2772 diam
211 2713 342 2771 oratoris
357 2712 480 2791 probat.
494 2713 576 2770 Haec
587 2713 725 2772 omnium
739 2712 830 2772 debet
842 2720 998 2772 oratorum
1012 2713 1117 2772 eadem

109 2829 181 2888 esse
205 2809 367 2886 sententia.
398 2809 451 2866 Sin
475 2818 579 2870 autem
609 2809 809 2888 jejunitatem
834 2817 865 2868 et
889 2811 1060 2868 siccitatem
1088 2816 1135 2880 et„

108 2907 262 2987 inopiam,
278 2905 445 2964 dummodo
461 2907 500 2964 sit
522 2906 629 2985 polita,
647 2907 719 2964 dum
736 2906 862 2978 urbana,
884 2907 957 2965 dum
984 2907 1116 2984 elegans

109 3004 144 3061 in
163 3003 268 3061 Attico
283 3023 394 3086 genere
417 3003 516 3082 ponit,
535 3003 596 3062 hoc
607 3010 689 3063 recte
702 3003 876 3075 dumtaxat;
895 3003 947 3062 sed
962 3004 1034 3084 quia
1047 3009 1133 3062 sunt·

109 3101 144 3159 in
168 3100 282 3158 Atticis
298 3097 368 3167 aliis¹
381 3099 438 3158 alia
462 3100 600 3173 meliora,
625 3099 790 3159 videatne
816 3101 939 3178 ignoret
957 3108 988 3159 et
1007 3099 1121 3178 gradus

108 3205 143 3256 et
162 3182 430 3274 dissimilitudines
442 3203 472 3255 et
490 3197 551 3276 vim
568 3204 599 3256 et
616 3197 795 3256 varietatem
817 3197 1002 3257 Atticorum.
1014 3223 1028 3252 a
1040 3197 1120 3256 Atti-

108 3316 181 3367 coS‚
202 3293 323 3380 inquit,²
341 3293 412 3351 volo
445 3294 571 3353 imitari.
601 3318 614 3348 s
640 3293 749 3360 Quos?
777 3315 833 3353 neo
854 3295 935 3352 enim
958 3303 1003 3354 est
1025 3313 1119 3353 unum

108 3384 225 3472 genus
243 3389 320 3449 Nam
335 3389 409 3474 quid
425 3399 469 3448 est
491 3398 553 3448 tam
569 3391 719 3450 dissimile
740 3413 831 3470 quam
851 3392 1073 3466 Demosthenes
1090 3397 1122 3450 et

107 3488 246 3570 Lysias?
259 3507 351 3566 quam
367 3487 447 3546 idem
463 3498 493 3547 et
516 3488 718 3567 Hyperides?
738 3509 829 3567 quam
851 3489 960 3546 horum
983 3490 1120 3547 omnium

107 3576 310 3648 Aeschines?
324 3584 421 3651 Quem
437 3585 530 3664 igitur
542 3585 702 3644 imitaris?
717 3585 749 3643 Si
760 3585 892 3664 aliquem
910 3605 916 3645 :
941 3585 1034 3644 ceteri
1050 3607 1122 3663 ergo

107 3683 219 3745 Attice
235 3702 300 3740 non¹
314 3681 479 3740 dicebant?
495 3682 520 3740 si
536 3701 664 3742 omnes<
684 3683 737 3761 qui
756 3689 855 3762 potes,
884 3699 954 3741 cum
975 3684 1037 3742 sint
1063 3683 1121 3762 ipsi

107 3777 315 3840 dissimillimi
332 3779 414 3837 inter
427 3780 479 3837 se?

474 3895 479 3930 ⁴
544 3939 648 3990 :aar
671 3943 712 3978 ε
