2670 4252
122 624 258 724 ¹vus
299 599 562 722 PRIVEE
602 624 737 724 nus
784 623 1106 724 ROMAINS
1148 697 1156 714 „

378 875 428 945 (De
447 875 561 928 Privato
582 876 775 928 Romanorum
800 875 873 947 Vita)

413 1353 624 1414 ci-inrrrnn
648 1353 835 1412 rnnuinn

540 1485 653 1566 (capu
675 1486 706 1567 1)

225 1755 260 1792 LA
289 1755 417 1794 ΡΑΜΙῙΜ.
445 1767 483 1780 -·-
510 1755 722 1808 Lusrnuuurs'.
750 1768 790 1778 ··-
818 1755 866 1792 Lus
896 1756 1021 1793 ENFANTS
1052 1776 1056 1782 ·

269 1867 328 1945 (De
340 1865 477 1946 [amilio.
498 1866 544 1925 De
559 1865 756 1947 parentibus.
773 1866 820 1926 De
838 1865 973 1947 pueris)

175 2106 207 2160 1.
242 2107 313 2162 Les
328 2107 449 2161 meres
464 2105 612 2162 doivent
628 2105 779 2162 allaiter
794 2104 895 2162 leurs
911 2103 1071 2160 enfants.

237 2226 365 2306 (Matres
384 2249 422 2287 ex
441 2249 472 2287 se
491 2235 578 2287 notos
592 2249 708 2308 pueros
731 2227 881 2287 uberibus
901 2227 1013 2308 alant.)

156 2412 249 2479 Quod
267 2422 311 2470 esi
329 2413 385 2471 hoc
405 2419 511 2472 contra
528 2421 668 2471 naturam
690 2414 905 2492 imperfectum
924 2420 1016 2492 alque
1036 2412 1126 2470 dimi·
1167 2441 1204 2504 2,

112 2511 239 2568 dietum
257 2510 363 2567 matris
378 2531 485 2586 genuS,
508 2511 673 2588 peperisse,
689 2531 724 2568 ac
741 2511 876 2569 statima
898 2531 963 2568 sese
979 2509 1126 2588 abjecisse

112 2607 218 2664 filiurn
244 2609 356 2674 suum?
379 2607 492 2671 aluisse,
516 2608 546 2664 in
570 2615 657 2665 utero
678 2608 828 2683 sanguine
855 2628 910 2664 suo
929 2607 1033 2664 nescio
1053 2607 1125 2686 quid

113 2702 204 2782 quod
232 2723 293 2760 non
312 2703 447 2774 videret;
470 2725 531 2762 non
548 2704 628 2762 alere
648 2725 730 2764 nunc
746 2725 802 2762 suo
818 2704 896 2762 lacte
911 2703 994 2782 quod
1011 2703 1124 2775 videat,

107 2799 181 2879 jam
209 2801 375 2872 viventem,
397 2801 460 2880 jam
484 2801 651 2872 hominem,
675 2801 738 2879 jam
762 2801 868 2858 matris
895 2801 994 2859 officia
1017 2801 1127 2879 implo-

112 2897 266 2956 rantem?
281 2899 327 2954 An
349 2904 381 2955 tu
400 2905 489 2976 putus
508 2906 647 2956 naturam
670 2897 792 2955 feminis
811 2918 1011 2954 mammarum
1033 2898 1125 2956 ubera

112 2993 207 3074 quasi
227 2993 376 3071 quosdam
393 2994 530 3051 nfcvulos
548 2994 751 3060 venustiores,
771 3015 832 3052 non
851 2994 1031 3052 alendorum
1052 2994 1127 3052 libe-

112 3111 237 3160 rorum,
255 3089 307 3147 sed
327 3079 456 3148 ornandi
478 3092 610 3168 pectoris
631 3112 722 3149 causa
744 3091 887 3149 dedisse?
901 3091 950 3148 Sic
966 3092 1047 3148 enirn
1067 3092 1127 3170 ple·

111 3207 225 3268 raeque
254 3186 318 3244 isiae
343 3187 527 3266 prodigiosae
556 3188 699 3245 mulieres
731 3189 848 3246 fontem
879 3188 965 3246 illurn
996 3189 1127 3246 sanctis-

110 3286 232 3344 simum
250 3284 397 3361 corporis,
417 3284 537 3361 generis
555 3285 680 3342 humani
699 3285 908 3357 educatorem,
927 3284 1081 3342 arefacere
1097 3293 1128 3342 et

110 3380 319 3457 exstinguere
356 3401 426 3439 curn
464 3381 600 3459 periculo
632 3379 754 3459 quoque
791 3381 889 3439 aversi
928 3382 1127 3460 corruptique

110 3479 210 3539 lactis
224 3476 375 3549 laborant,
393 3485 547 3557 tamquam
561 3477 801 3556 pulchritudinis
815 3478 872 3536 sibi
887 3478 1019 3556 insignia
1036 3478 1128 3536 deve-

110 3582 238 3636 nustet.
254 3574 362 3632 Nonne
375 3576 432 3633 hac
443 3576 474 3632 in
491 3597 523 3633 re
538 3575 674 3634 sollertia
691 3582 806 3633 naturae
820 3574 946 3634 evidens
959 3581 1016 3643 est,
1032 3575 1125 3654 quod,

108 3682 324 3756 posteaquam
340 3673 463 3750 sanguis
484 3671 535 3729 ille
557 3672 659 3750 opifex
679 3672 711 3730 in
726 3672 936 3751 penetralibus
956 3671 1018 3730 suis
1038 3692 1128 3730 omne

108 3790 236 3850 corpus
255 3767 387 3826 hominis
400 3769 499 3840 finxit,
522 3768 709 3827 adventante
721 3763 785 3849 jani
803 3775 909 3850 partus
929 3776 1077 3848 tempore,
1096 3768 1125 3826 in

201 3875 246 3914 Vie
261 3874 335 3916 urioee
349 3873 386 3916 dos
401 3867 519 3916 Romaim.
1052 3874 1059 3912 l

565 3929 686 3980 ..1-
