2656 4258
502 211 538 248 m
559 211 605 247 vis
626 211 661 247 nn
683 192 800 248 soeuirii
820 212 839 248 a
863 211 939 248 noua

208 371 237 408 .«
260 349 359 407 desito
379 351 486 421 uteris,
503 349 587 428 quod
594 338 681 408 ‘scire
699 356 791 429 atque
809 350 986 427 intellegere
1004 349 1159 407 neminem
1176 349 1226 406 vis

222 469 237 500 a
261 466 329 524 quae
353 445 447 504 dicae.
470 445 591 517 Nonne,
616 446 708 504 homo
728 447 842 525 inepte,
866 453 901 505 ut
923 445 1006 525 quod
1030 445 1076 502 vis
1098 445 1224 504 abunde

223 565 240 596 «·
261 543 470 621 consequaris
494 531 602 601 taces?
626 542 685 602 Sed
708 543 924 622 antiquitatem
951 541 1007 600 tibi
1032 541 1152 621 placere
1180 541 1238 605 ais,

223 662 237 692 ι(
261 638 342 717 quod
361 638 500 709 honesta,
519 647 550 696 et
568 639 660 710 bona,
678 646 709 698 et
728 639 840 711 sobria,
862 646 893 697 et
911 638 1048 697 modesta
1071 637 1121 698 sit.
1144 637 1225 696 Vive

224 759 238 788 a
261 755 334 813 ergo
358 735 496 793 moribus
520 736 698 814 praeteritis3
721 736 846 815 loquere
873 735 975 793 verbis
999 733 1224 813 praesentibus;

215 856 237 885 ,κ
261 839 353 910 atque
368 832 412 905 id,
429 832 513 911 quod
528 853 544 890 a
561 831 596 890 C.
615 832 747 901 Caesare,
765 833 942 891 excellentis
964 831 1079 909 ingenii
1099 851 1135 888 ac
1151 851 1226 909 pru-

223 951 237 982 «
261 927 375 986 dentiae
390 929 468 1002 viro,
485 929 517 986 in
533 929 633 1007 primo
652 927 699 987 De
713 927 877 1008 Analogia
896 928 985 1002 libro,
1000 927 1149 1006 scriptum
1166 933 1224 997 est,

224 1049 238 1080 a
262 1024 340 1082 habe
353 1045 474 1104 semper
488 1027 519 1082 in
536 1026 681 1084 memoria
703 1032 795 1104 atque
816 1025 847 1082 in
867 1032 1003 1104 pectore,
1018 1030 1052 1083 ut
1067 1032 1225 1103 tamquam

224 1145 239 1176 «
263 1121 435 1200 scopulum,
451 1121 494 1180 sio
505 1121 604 1199 fugias
614 1121 788 1180 inauditum
802 1129 894 1201 atque
904 1121 1038 1180 insolens
1049 1120 1190 1186 verbum.
1209 1145 1226 1174 »
1310 1199 1311 1210 χ

540 1439 622 1496 105.
642 1440 712 1496 Les
730 1431 908 1496 bavarus.

601 1587 659 1668 (De
679 1587 848 1671 garrulis.)

158 1789 198 1862 2⁸
265 1798 350 1857 Nihil
372 1806 418 1858 est
439 1801 578 1878 prolecto
601 1799 736 1870 stultiuS,
761 1819 860 1879 neque
878 1798 1032 1870 stolidius,

228 1893 337 1970 Neque
350 1893 629 1972 mendaciloquius,
646 1913 746 1973 neque
762 1893 838 1952 adeo
853 1896 1002 1972 argutius

226 1988 333 2067 Neque
354 1989 658 2069 confidentiloquius
682 2010 781 2068 neque
803 1991 967 2069 perjuriuS,

225 2084 323 2152 Quam
345 2086 453 2144 urbani
476 2086 595 2144 adsidui
617 2087 710 2157 eiveS,
736 2107 813 2166 quos
836 2107 955 2145 scurras
977 2093 1101 2144 vocant.

191 2206 193 2210 ’
227 2184 328 2260 Atque
351 2189 472 2259 egomet
493 2204 540 2241 me
564 2183 639 2241 adeo
662 2204 731 2242 eum
755 2183 814 2241 illis
838 2204 897 2241 una
919 2183 1033 2240 ibidem
1053 2181 1154 2252 trah0,

226 2277 285 2343 Qui
303 2278 425 2337 illorum
448 2279 550 2336 verbis
569 2280 653 2338 falsis
676 2287 819 2358 acceptor
841 2280 895 2350 lui,

226 2373 285 2439 Qui
307 2375 409 2432 omnia
432 2396 463 2433 se
485 2376 631 2434 simulant
653 2376 730 2434 scire
752 2397 807 2434 nee
829 2376 997 2454 quidquam
1020 2376 1132 2433 sciunt.

226 2469 316 2535 Quod
338 2471 468 2550 quisque
485 2472 517 2528 in
535 2473 637 2530 animo
661 2472 763 2545 habet,
781 2479 834 2530 aut
856 2471 1018 2530 habiturus
1036 2479 1092 2542 est,
1112 2471 1229 2532 sciunt.

226 2566 336 2631 Sciunt
394 2567 487 2647 ¹quid
514 2568 545 2624 in
568 2589 671 2626 aurem
695 2590 747 2627 rex
768 2569 881 2646 reginae
903 2566 1031 2640 dixerim

226 2663 337 2721 Sciunt
355 2663 439 2742 quod
459 2663 541 2722 Juno
564 2665 698 2723 fabulata
720 2671 766 2723 est
787 2685 857 2723 oum
878 2665 966 2724 Jove.

205 2756 302 2856 *Quae
324 2779 422 2838 neque
448 2760 553 2820 lutura
579 2782 678 2842 neque
699 2770 781 2835 sunt,
810 2773 913 2825 tamen
934 2767 978 2825 illi
1001 2769 1102 2826 sciunt

170 2853 210 2896 '³
228 2863 389 2930 Falson'an
412 2886 483 2923 vero
506 2866 641 2938 laudent,
665 2867 799 2945 culpent,
824 2889 916 2947 quem
939 2867 1045 2938 velint,

227 2961 296 3019 Non
318 2961 405 3020 llooci
427 2962 555 3028 faciunt,
580 2962 652 3021 dum
674 2963 750 3021 illud
772 2963 856 3042 quod
878 2964 983 3023 lubeat
1005 2964 1113 3020 sciant.

227 3057 292 3135 Ego
313 3058 350 3116 de
372 3079 477 3117 eorum
500 3060 601 3117 verbis
624 3060 874 3138 famigeratorum
891 3060 1016 3130 insciae,

227 3153 359 3214 Prosilui
381 3156 513 3214 amioum
524 3221 525 3226 η
536 3158 718 3236 castigatum
742 3155 914 3216 innoxium.

227 3249 316 3317 Quod
337 3253 362 3310 si
384 3253 563 3332 exquiratur
586 3275 681 3332 usque
703 3253 741 3311 ab
764 3253 858 3331 stirpe
881 3253 1058 3322 auctoritas,

229 3347 317 3406 Unde
338 3348 413 3428 quid
431 3349 571 3407 auditum
593 3349 708 3420 dicant,
735 3349 791 3407 nisi
814 3349 844 3406 id
868 3355 1025 3429 appareat,

228 3444 448 3521 Famigeratori
470 3465 517 3503 res
540 3447 580 3504 sit
601 3452 671 3504 cum
693 3445 806 3504 damno
830 3453 860 3505 et
882 3445 988 3504 malo:

230 3539 296 3601 Hoc
317 3541 360 3599 ita
382 3541 406 3598 si
429 3543 493 3615 fiat,
518 3543 641 3621 publico
663 3543 717 3601 fiat
738 3544 836 3617 bon03

230 3637 322 3696 Pauci
344 3638 405 3696 sint
426 3638 531 3708 faxim,
555 3639 607 3718 qui
630 3640 729 3698 sciant
751 3639 833 3719 quod
855 3640 1007 3713 ne'soiunt,

228 3734 498 3812 Occlusioremque
520 3735 654 3794 habeant
675 3736 963 3816 stultiloquentiam.
1049 3723 1051 3730 ,

17 3935 267 4220 h
