2678 4250
340 182 411 219 LUIIE
433 183 484 218 bus
505 183 674 234 BATIIIENTS,
698 185 732 220 DE
754 185 788 220 LA
809 184 908 232 TABLII,
933 185 968 220 DE
989 185 1023 220 LA
1046 169 1164 221 PARUIIE'

255 311 324 350 nem
352 280 548 366 confirmans,
570 292 727 373 solamque
751 314 781 353 se
796 294 910 352 centies
927 294 1031 352 H-S
1059 301 1248 366 cenaturum,

253 387 1248 472 inferrimensamsecundamjussit,Expraeceptoministriunum

252 475 373 543 tantuin
389 506 442 544 vas
460 493 530 544 ante
545 507 611 545 eam
627 508 756 566 posuere
769 487 858 560 aceti,
875 487 963 567 cujus
979 487 1125 566 asperitas
1142 486 1251 565 visque

253 582 284 639 in
296 581 397 640 tabem
413 573 741 661 margaritas'resolvit.
757 583 891 643 Gerebat
902 583 1027 642 auribus
1039 603 1109 642 cunr
1118 583 1251 641 maxime

253 678 406 756 singulare
418 679 494 738 illud
507 687 538 738 et
550 700 620 738 vere
634 681 757 739 unicum
771 688 888 740 naturae
900 701 989 760 opus
1006 681 1112 759 Itaque
1125 682 1252 758 erispec-

253 783 337 834 tante
359 777 495 836 Antonio
511 777 657 857 quidnam
678 784 758 836 essct
780 786 897 846 actura,
916 777 1087 836 detractum
1114 771 1248 836 alterum

253 872 367 944 mersit,
395 893 430 932 ac
451 871 651 952 liquefactum
682 873 850 933 absorbuit.
875 874 986 954 lnjecit
1013 873 1099 933 alteri
1124 851 1252 931 manuin

254 969 287 1029 L.
305 968 447 1041 Plancus,
464 970 561 1049 judex
582 971 767 1049 sponsionis,
785 992 855 1030 eum
875 991 998 1050 quoque
1012 978 1141 1050 parante
1160 968 1254 1028 Cleo-

252 1072 338 1145 patra
353 1065 444 1125 simili
457 1067 549 1124 modo
559 1067 728 1140 absumere,
743 1067 920 1147 victumque
932 1067 1100 1126 Antonium
1111 1086 1253 1146 pronun·

253 1162 352 1222 tiavit.

383 1445 467 1504 280.
488 1445 616 1503 Festfn
634 1447 659 1504 a
675 1446 715 1503 la
734 1459 824 1504 cour
842 1447 886 1503 de
906 1444 1112 1514 Cleopatra.

333 1574 545 1656 (Describitur
566 1599 640 1638 cena
662 1576 694 1637 in
717 1577 900 1659 Cleopatrae
922 1577 1010 1660 reqia
1032 1575 1166 1655 habita.)

183 1784 240 1842 Rh·
318 1789 508 1848 Discubuere
529 1790 604 1848 toris
625 1809 722 1867 reges,
745 1789 903 1868 majorque
925 1795 1067 1868 potestas'
1141 1863 1143 1868 Ι

317 1886 447 1946 Caesar:
471 1893 503 1946 et
523 1886 686 1946 immodice
708 1870 837 1944 formam
859 1885 961 1944 fucata
977 1891 1151 1955 nocentem,

315 1983 407 2041 Plena
429 1983 521 2042 maris
542 1983 628 2040 rubri
649 1983 754 2062 spoliis
775 1982 916 2061 colloque
937 1981 1093 2061 comisque

312 2079 444 2138 Divitias
467 2079 629 2158 Cleopatra
650 2079 739 2156 gerit,
763 2079 910 2159 cultuque
932 2077 1063 2137 laborat.
1089 2135 1091 2142 ,

312 2175 451 2235 Candida
473 2175 600 2235 Sidonio
623 2176 783 2254 perlucent
805 2183 928 2255 pectora
949 2174 1013 2246 filo,

312 2271 400 2338 Quod
423 2272 534 2331 Nilotis
555 2293 628 2331 acus
650 2293 858 2352 compressum
882 2273 1003 2352 pectine
1025 2271 1132 2329 Serum

312 2367 421 2440 Solvit,
445 2376 475 2427 et
496 2376 623 2429 extenso
645 2369 761 2428 laxavit
783 2369 913 2428 stamina
931 2369 1011 2429 velo.

313 2465 457 2524 Infudere
479 2466 584 2546 epulas
605 2487 692 2537 auro,
715 2466 797 2546 quod
821 2462 913 2537 terra',
938 2465 1022 2546 quod
1043 2485 1105 2536 aer,

312 2561 400 2629 Quod
421 2563 547 2641 pelagus
569 2563 718 2642 Nilusque
740 2563 836 2636 dedit,
860 2563 944 2643 quod
966 2563 1056 2620 luxus
1078 2561 1163 2620 inani

311 2660 489 2718 Ambitione
509 2661 614 2718 furens
635 2666 701 2718 toto
724 2659 876 2738 quaesivit
897 2661 929 2718 in
950 2658 1035 2730 orbe,

312 2757 380 2814 Non
402 2757 567 2816 mandante
589 2757 684 2828 fame3
708 2756 821 2816 multas
843 2757 1046 2837 volucresque
1069 2755 1223 2836 ferasque

311 2854 444 2933 Aegypti
465 2874 594 2933 posuere
617 2853 700 2920 deos,
725 2852 929 2933 manibusque
952 2853 1108 2911 ministrat

312 2951 444 3010 Niliacas
465 2950 626 3030 crystallus
647 2971 752 3032 aquas,
776 2970 976 3030 gemmaeque
997 2967 1125 3027 capaces

312 3049 465 3127 Excepere
487 3069 614 3119 merum,
639 3049 691 3106 sed
714 3068 775 3106 non
797 3046 987 3106 Mareotidos
1010 3065 1096 3118 uvae,

312 3145 421 3204 Nobile
443 3145 495 3203 sed
516 3145 623 3224 paucis
645 3145 763 3203 senium
785 3145 834 3203 cui
856 3143 988 3203 contulit
1010 3141 1098 3200 annis

312 3242 499 3301 Indomitum
521 3241 626 3300 Meroe
648 3262 759 3318 cogens
782 3261 923 3321 spumare
949 3239 1123 3297 Falernum.

312 3339 476 3418 Accipiunt
498 3346 594 3396 sertas
616 3339 711 3396 nardo
733 3340 860 3396 florente
883 3351 1030 3395 coronas¹

257 3472 259 3476 .
312 3435 351 3493 Et
373 3455 538 3514 numquam
562 3435 696 3512 fugiente
718 3454 805 3506 rosa,
841 3432 1032 3513 multumque
1054 3432 1202 3494 madenti

313 3531 456 3590 Infudere
477 3553 582 3592 comae
604 3531 685 3610 qnod
709 3529 845 3587 nondum
868 3530 994 3587 evanuit
1016 3549 1091 3588 aura
1114 3536 1117 3540 ’

314 3626 496 3702 Cinnamon,
520 3636 642 3687 externa
666 3646 721 3684 nec
744 3625 878 3704 perdidit
899 3645 967 3684 aera
991 3632 1081 3698 terra,

318 3725 545 3802 Advectumque
567 3743 671 3781 recens
694 3722 802 3780 vicinae
825 3723 930 3780 messis
953 3741 1108 3782 amomon.

672 3937 703 3946 -
725 3907 774 3959 196
793 3935 826 3949 —-
