2670 4252
521 201 720 242 msraucrron.
743 217 781 226 -
802 188 963 243 nuucanon

278 310 380 369 Solius
402 311 526 370 solliciti
548 319 621 371 suut
642 313 749 372 causa?
769 313 917 394 Sumptus
939 316 1022 374 domi

278 407 394 466 Tantos
416 429 472 485 ego
494 409 576 466 solus
600 409 735 468 faciam?
757 411 816 469 Sed
839 420 966 489 gnatum
991 413 1114 472 unicum

279 501 377 568 Quem
400 504 515 582 pariter
536 505 580 562 uti
603 505 650 562 his
672 506 776 564 decuit
798 515 852 565 aut
873 508 965 566 etiam
988 509 1131 586 ampliuS,

280 599 358 656 Eum
381 619 437 676 ego
460 601 532 659 hino
553 600 630 681 ejeci
652 603 797 662 miserum
821 604 973 684 injustitia
995 626 1073 664 mea.

280 695 363 754 Malo
385 696 510 775 quidem
532 718 580 756 me
602 697 730 777 dignum
753 700 863 779 quovis
885 701 1041 780 deputem,

280 791 312 853 Si
334 792 366 851 id
388 793 509 853 faciam.
535 794 624 867 Nam,
649 797 820 875 usquedum
844 798 894 856 ille
917 799 1011 856 vitam
1033 797 1116 856 illam
1138 795 1226 854 colet

282 888 420 968 Inopem,
444 910 551 948 carens
574 891 682 969 patria,
706 893 746 951 ob
768 914 850 951 meas
872 894 1012 974 injurias,

281 985 401 1044 Interea
424 1007 521 1068 usque
544 987 587 1045 illi
610 988 647 1047 de
670 1009 717 1047 me
740 991 925 1069 supplicium
947 991 1039 1063 dabo,

282 1081 449 1155 taboratis,
474 1103 626 1162 quaerens,
650 1105 790 1164 parcenS,
814 1086 858 1144 illi
880 1087 1028 1146 serviens.
1053 1112 1068 1143 »

384 1303 442 1361 70.
463 1303 628 1362 conseils
648 1305 733 1362 d’un
752 1306 840 1374 pere
865 1305 890 1364 a
909 1318 976 1363 son
996 1307 1066 1362 fils.

531 1407 638 1488 (Pater
658 1407 763 1489 filium
784 1410 950 1492 hortatur.)

177 1553 321 1620 llli.Nolo
343 1575 399 1633 ego
421 1576 490 1614 cum
513 1557 661 1636 improbis
683 1565 713 1617 te
735 1559 819 1632 viris,
844 1567 934 1636 gnate
957 1561 1011 1631 mi,

242 1651 350 1730 Neque
372 1652 402 1709 in
426 1653 475 1711 via
497 1675 597 1734 neque
619 1654 650 1711 in
673 1654 739 1713 loro
762 1655 857 1713 ullum
880 1676 1052 1714 sermonem
1075 1653 1217 1734 exsequi.

243 1747 324 1805 Novi
346 1769 402 1826 ego
424 1749 483 1808 hoc
504 1750 659 1808 saeculum
682 1751 818 1809 moribus
840 1751 952 1830 quibus
974 1752 1044 1812 siet.

243 1842 344 1902 Malus
366 1844 481 1904 bonum
504 1846 617 1920 malum
640 1867 704 1906 esse
726 1847 800 1919 volt,
826 1855 860 1905 ut
881 1848 921 1906 sit
942 1847 989 1905 sui
1011 1847 1130 1906 similis.

242 1940 390 2012 Turbam,
414 1944 544 2001 miscent
566 1964 665 2001 mores
686 1943 769 2013 mali,
793 1965 898 2022 rapax,
921 1965 1043 2016 avarunt,
1067 1943 1205 2002 invidus,
1243 1995 1247 2002 .

242 2037 369 2095 Sacrum
382 2039 554 2116 profanum,
569 2039 725 2117 publicum
737 2039 892 2118 privatum
906 2039 1030 2113 habent,
1042 2038 1146 2098 hiulca
1157 2059 1238 2117 gens

244 2133 328 2191 Haec
350 2154 406 2210 ego
428 2135 540 2206 dole0;
564 2135 639 2192 haec
662 2143 734 2193 sunt
755 2156 833 2213 quae
855 2137 1044 2205 excruciant,
1069 2154 1071 2158 ·
1117 2141 1119 2152 ¹

245 2229 328 2287 llaec
349 2230 413 2287 dies
437 2238 603 2308 noctesque
626 2240 715 2289 canto
739 2232 794 2290 tibi
818 2239 851 2290 ut
872 2253 991 2290 caveas,

242 2325 300 2390 Qui
315 2327 407 2384 homo
422 2347 492 2384 cum
506 2327 608 2384 animo
622 2327 692 2386 inde
708 2327 744 2385 ab
761 2328 887 2385 ineunte
900 2336 989 2386 aetate
1005 2328 1165 2406 depugnat
1178 2348 1249 2400 suo,

245 2421 355 2480 Utrum
370 2423 453 2480 itane
467 2443 531 2480 esse
552 2423 677 2481 mavelit
695 2431 729 2481 ut
746 2444 815 2482 eum
834 2425 953 2482 animus
969 2443 1092 2504 aequum
1108 2431 1251 2494 censeat,

243 2520 293 2576 An
316 2518 356 2576 ita
381 2519 482 2596 potius
505 2527 539 2576 ut
560 2527 702 2598 parentes
728 2540 797 2578 eum
825 2541 889 2578 esse
912 2527 942 2577 et
964 2521 1087 2596 cognati
1114 2519 1216 2578 velint
1241 2540 1249 2580 t

243 2615 275 2672 Si
298 2615 418 2673 animus
441 2616 597 2674 hominem
621 2616 749 2695 pepulit,
775 2623 875 2674 actum
905 2622 950 2674 est
974 2635 981 2677 :
1012 2617 1114 2674 animo
1137 2618 1249 2686 servit,

245 2767 248 2772 .
1075 2712 1250 2792 [nonsibi;

242 2807 275 2865 Si
289 2807 353 2886 ipse
369 2808 505 2865 animum
522 2807 650 2887 pepulit.
668 2808 741 2865 dum
759 2807 848 2879 vivit,
865 2808 965 2866 victor
980 2809 1133 2867 victorum
1150 2809 1249 2869 cluet.

242 2907 288 2963 Tu
311 2904 335 2962 si
358 2905 493 2979 animum
509 2905 621 2976 vicisti,
646 2903 860 2982 potiusquam
883 2905 1004 2962 animus
1026 2913 1073 2964 te:
1091 2913 1139 2963 est
1161 2908 1248 2986 quod

421 3009 424 3016 '
520 3070 522 3074 Ι
1087 3003 1250 3078 [gaudeas.

242 3098 346 3156 Nimio
376 3098 476 3156 satius·
493 3105 539 3155 est
566 3103 600 3154 ut
622 3096 723 3176 opu’sl
745 3103 774 3154 te
798 3096 840 3154 ita
863 3117 937 3170 esse,
965 3118 1057 3176 quam
1078 3106 1112 3156 ut
1142 3100 1252 3158 animo

1147 3194 1250 3257 lubet.

241 3291 301 3358 Qui
330 3290 465 3348 animum
495 3289 633 3359 vincunt,
658 3308 749 3366 quam
772 3308 849 3367 quos
875 3282 1006 3360 animm,
1030 3310 1154 3369 semper
1177 3314 1248 3372 pro·

993 3385 1106 3463 [biores
1129 3387 1250 3450 cluent.

243 3483 272 3540 Is
300 3481 413 3560 probus
441 3489 486 3541 ost
515 3500 605 3561 quem
635 3479 763 3558 paenitet
785 3500 876 3558 quam
899 3480 1014 3558 probus
1041 3483 1081 3540 sit
1107 3491 1138 3542 et
1166 3487 1252 3565 lrugi

1124 3581 1251 3660 [bonan

241 3674 301 3741 Qui
316 3673 401 3752 ipsus
413 3672 470 3730 sibi
486 3673 559 3730 satis
577 3671 685 3750 placet,
704 3693 760 3730 nec
775 3671 889 3751 probus
904 3679 960 3743 est,
979 3695 1035 3732 nec
1047 3675 1129 3754 frugi
1144 3679 1252 3740 bomo.

241 3770 300 3836 oui
322 3770 408 3848 ipsus
430 3789 461 3826 se
483 3767 665 3839 contemnit,
688 3769 720 3825 in
742 3787 778 3825 eo
800 3776 846 3826 est
867 3767 986 3826 indoles
1008 3769 1185 3834 industriae.

672 3907 810 3957 ...48-
