2678 4250
420 171 505 227 314.
526 169 692 238 Hygiene
711 170 847 226 rurale.

400 271 459 352 (De
480 293 630 359 aprorum
650 273 861 355 salubritate.)

174 457 366 518 Utilissimus
383 457 409 517 is
425 478 497 536 ager
508 458 561 537 qui
575 458 728 517 salubrior
741 465 787 517 est
798 480 893 539 quam
905 459 966 533 alii,
985 460 1067 540 quod
1085 460 1126 519 ibi
1154 462 1193 528 2⁸

138 557 259 615 fruetus
276 563 393 628 certus;
411 563 518 614 contra
533 555 615 634 quod
628 556 659 613 in
670 556 824 635 pestilenti
840 557 1007 630 calamitas,
1021 578 1128 638 quam-

132 653 222 712 visin
233 652 327 711 leraci
343 672 428 730 agro,
446 652 590 711 colonum
606 652 644 711 ad
657 652 776 712 lructus
796 654 956 733 pervenire
971 673 1033 712 non
1049 654 1127 734 pati-

135 758 197 810 tur.
221 749 343 809 Etenim
364 749 417 807 ubi
439 749 518 808 ratio
540 769 609 807 cum
634 749 713 808 Orco
733 749 872 822 babetur,
889 749 933 808 ibi
952 771 1014 809 non
1033 750 1126 809 modo

129 847 251 906 tructus
273 853 319 904 est
341 845 486 918 incertus,
501 845 554 903 sed
576 846 667 905 etiam
686 845 853 905 colentium
868 846 944 907 vita.
961 845 1059 913 Quare
1073 846 1126 905 ubi

129 942 295 1003 salubritas
310 963 370 1000 non
385 949 442 1015 est,
457 941 577 1001 cultura
594 941 755 1030 non‘aliud
766 949 812 1002 est
825 949 917 1024 atque
929 943 993 1002 alea
1008 943 1126 1002 domini

127 1041 203 1100 vitae
220 1059 255 1098 ac
269 1039 313 1097 rei
327 1038 496 1099 familiaris.
512 1039 574 1098 Nec
589 1038 654 1098 haec
669 1059 731 1097 non
744 1040 958 1099 diminuuntur
973 1040 1098 1098 scientia
1117 1057 1123 1099 ε

126 1137 171 1196 ita
184 1136 265 1195 enim
281 1134 454 1206 salubritas,
467 1156 535 1214 quae
548 1135 673 1195 ducitur
684 1156 700 1194 a
712 1135 787 1198 caelo
802 1142 939 1208 aeterra,
956 1155 1019 1194 non
1034 1143 1080 1194 est
1093 1136 1124 1194 in

127 1241 233 1293 nostra
245 1238 399 1312 potestate
412 1231 466 1290 sed
479 1240 609 1304 naturae,
624 1239 658 1290 ut
668 1238 771 1290 tamen
785 1232 916 1292 multum
928 1232 968 1293 sit
980 1233 1012 1291 in
1023 1233 1123 1303 nobis,

126 1330 221 1411 quod,
236 1329 377 1408 graviora
389 1348 458 1408 quae
470 1335 552 1404 sunt,
565 1349 599 1388 ea
611 1328 769 1406 diligentia
780 1329 894 1390 leviora
907 1330 1005 1388 lacere
1016 1349 1126 1409 possu-

125 1448 205 1486 mus.
233 1425 353 1484 Etenim
379 1425 405 1484 si
437 1432 564 1504 propter
589 1432 713 1495 terram,
739 1433 793 1484 aut
813 1446 935 1506 aquam,
959 1426 1125 1484 odoremve

128 1544 222 1603 quem
249 1521 353 1607 aliquo
381 1522 450 1580 loco
476 1528 605 1593 eructat,
634 1522 829 1601 pestilentior
852 1530 898 1581 est
923 1522 1049 1595 fundus,
1073 1531 1125 1581 aut

123 1626 253 1700 propter
270 1618 337 1677 caeli
357 1618 513 1697 regionem
536 1638 607 1695 ager
630 1617 758 1676 calidior
774 1626 831 1691 est,
859 1626 912 1679 aut
931 1626 1041 1678 ventus
1063 1639 1123 1677 non

123 1717 225 1774 bonus
252 1715 317 1788 ilat,
345 1715 411 1774 haec
432 1715 507 1774 vitia
523 1715 678 1773 emendari
699 1715 799 1774 solent
815 1714 932 1774 domini
950 1715 1076 1775 scientia
1089 1735 1124 1774 ac

122 1820 262 1892 sumptu,
287 1811 370 1892 quod
396 1812 553 1892 permagni
579 1812 706 1870 interest
737 1811 787 1870 ubi
808 1812 916 1893 positae
942 1812 1005 1871 sint
1029 1812 1122 1881 villae,

122 1916 248 1990 quantae
268 1909 340 1982 sint,
366 1929 427 1988 quo
451 1917 591 1986 spectent
612 1908 792 1988 porticibus,
812 1909 899 1968 ostiis
915 1929 950 1967 ac
969 1908 1121 1968 fenestris.

122 2007 195 2065 Non
222 2005 272 2064 hic
291 2005 389 2064 Varro
410 2011 523 2076 noster,
549 2026 618 2064 cum
643 2005 786 2085 Corcyrae
809 2011 889 2064 esset
912 2005 1063 2065 exercitus
1089 2026 1124 2065 ac

120 2103 239 2176 classis,
264 2109 294 2161 et
314 2122 419 2161 omnes
437 2102 546 2160 domus
563 2101 687 2182 repletae
703 2109 803 2184 essent
815 2103 940 2180 aegrotis
955 2122 989 2161 ac
1010 2102 1125 2161 funeri-

120 2201 193 2272 bus,
210 2197 347 2257 immisso'
361 2198 502 2256 fenestris
518 2199 606 2257 novis
629 2198 783 2278 aquilone,
796 2207 826 2258 et
845 2198 1011 2258 obstructis
1028 2200 1123 2278 pesti·
1177 2238 1182 2248 ·

120 2295 267 2368 lentibus,
281 2295 439 2374 januaque
460 2303 644 2375 permutata,
659 2303 821 2378 ceteraque
838 2296 905 2376 ejus
919 2295 1038 2374 generis
1057 2295 1125 2354 dili·

120 2392 238 2472 gentia,
258 2412 330 2452 suos
342 2392 470 2451 comites
487 2412 522 2451 ac
536 2392 683 2450 familiam
699 2393 867 2453 incolumes
879 2393 1025 2452 reduxit?

158 2656 247 2713 315.
268 2655 497 2713 Treitement
517 2656 561 2712 de
579 2656 720 2713 lefolie
740 2658 828 2714 cheu
846 2658 903 2714 les
922 2657 1086 2715 enciens.

244 2745 419 2841 (Quomodo
439 2758 567 2841 antiqui
580 2759 779 2841 phreneticos
801 2761 1003 2843 curaverint.)

161 2943 291 3024 Antiqui
309 2944 505 3025 phreneticos
525 2945 555 3002 in
576 2945 710 3004 tenebris
725 2945 889 3028 habebant,
904 2967 940 3005 eo
961 2946 1045 3026 quod
1062 2946 1121 3004 illis
1148 2950 1187 3014 30

119 3042 312 3102 contrarium
332 3049 412 3100 esset
435 3042 590 3111 exterreri,
607 3050 636 3101 et
662 3042 700 3101 ad
721 3043 857 3122 quietern
875 3043 968 3102 animi
981 3043 1121 3101 tenebras

118 3140 205 3220 ipsas
228 3137 368 3198 conlerre
395 3137 511 3218 aliquid
530 3138 721 3218 judicabant.
745 3142 786 3198 At
811 3140 1018 3219 AsclepiadeS,
1044 3147 1121 3199 tam-

120 3256 215 3316 quam
236 3235 371 3294 tenehris
394 3236 469 3315 ipsis
489 3236 687 3310 terrentibus,
708 3235 873 3295 inlumina
893 3236 1050 3295 habendos
1069 3257 1121 3295 eos

120 3332 212 3392 dixit.
249 3331 398 3391 Neutrum
434 3339 536 3391 autem
572 3340 754 3412 perpetuum
792 3339 848 3393 est.
884 3333 1041 3412 Optimum
1076 3341 1122 3392 est

122 3436 290 3508 utrumque
305 3428 447 3508 experiri,
467 3436 498 3488 et
511 3429 623 3488 habere
640 3450 708 3488 eum
731 3429 783 3508 qui
801 3428 941 3489 tenebras
963 3430 1068 3490 horret
1090 3432 1120 3488 in

118 3526 202 3598 luce,
235 3544 303 3584 eum
335 3525 387 3606 qui
420 3525 520 3584 lucem
547 3527 578 3584 in
610 3526 754 3586 tenebris.
793 3525 949 3586 Adversus
981 3528 1119 3586 omnium

121 3629 228 3682 autern
256 3622 299 3680 sic
319 3621 537 3682 insanientium
561 3624 679 3682 animos
705 3643 809 3701 gerere
833 3644 864 3681 se
894 3644 950 3703 pro
970 3625 1120 3704 cujusque

116 3727 230 3778 natura
255 3719 459 3778 necessarium
489 3727 558 3780 est:
583 3719 787 3800 quorumdam
814 3721 894 3779 enim
927 3721 998 3781 vani
1019 3729 1119 3779 metus

538 3905 693 3957 -221-
