2670 4252
353 130 389 166 LA
411 128 540 167 annuntia.
563 143 602 152 --
623 129 672 166 LES
693 128 828 168 ENFANTS.
851 141 889 150 ·-
912 127 960 164 Las
982 85 1108 164 Parturire·

227 241 259 296 in
276 239 392 298 dolore.
407 239 438 296 Si
454 245 611 318 parentem
627 239 740 316 cogita,
759 259 821 297 non
836 237 1028 318 reprehendo
1046 237 1127 316 quod
1143 236 1235 314 plan·

223 333 283 412 gia.
313 335 344 392 Si
366 334 564 394 christianam
582 343 611 394 et
627 335 821 408 monacham,
845 335 912 392 istis
933 333 1108 394 nominibus
1132 340 1235 391 mater

224 431 411 491 excluditur.
443 433 548 503 Parce,
579 452 693 510 quaeso,
718 451 809 511 parce
833 431 904 489 filiae
923 451 993 489 cum
1015 431 1139 490 Christo
1164 428 1233 508 jam

225 525 382 606 regnanti;
398 549 487 606 parce
504 528 610 586 saltem
627 528 795 586 Eustochio
817 536 888 600 tuae,
906 527 1114 606 cujus‘parva
1128 525 1235 584 adhuc

225 631 310 696 aetas,
328 631 358 682 et
375 625 460 682 rudis
476 646 564 704 paene
578 625 719 695 infantia,
732 632 762 681 le
776 623 930 701 magistra,
942 623 1101 701 dirigetur.
1123 622 1236 681 Ululas

225 727 257 778 ct
295 722 485 790 exclamitas
527 729 568 793 et,
606 723 692 802 quasi
720 721 904 800 quibusdam
938 720 1056 780 facibus
1089 740 1233 790 accensa,

225 825 376 896 quantum
391 818 424 890 in
439 825 468 876 te
484 825 540 890 est,
558 819 601 876 tui
620 839 740 897 semper
757 817 911 876 homicida
929 838 971 876 es,
996 817 1053 875 Sed
1077 816 1115 875 ad
1138 815 1234 874 talem

225 914 362 972 clemens
382 915 556 991 ingreditur
577 914 677 984 desua,
693 923 724 973 et
736 914 830 973 dicit:
850 913 955 980 «Quid
971 913 1094 993 ploras?
1107 933 1170 970 non
1186 918 1238 970 est

226 1014 348 1065 mortua
367 1007 480 1085 puella,
496 1007 548 1065 sed
564 1006 713 1064 dormit.»
727 1006 848 1065 Clamat
859 1027 941 1064 nunc
955 1006 1075 1064 Blesilla
1095 1005 1233 1082 lugenti:

227 1127 242 1157 a
264 1103 295 1161 Si
318 1124 464 1182 umquam
485 1125 533 1161 me
552 1105 671 1176 amasti,
692 1111 799 1174 mater,
822 1104 845 1161 si
864 1111 917 1162 tua
935 1102 1027 1161 ubera
1047 1102 1125 1173 suxi,
1151 1101 1176 1158 si
1199 1101 1235 1158 in

225 1199 288 1258 tuis
308 1200 453 1258 instituta
469 1220 535 1258 sum
547 1200 684 1274 monitis,
702 1221 739 1258 ne
756 1199 895 1258 invideas
911 1199 1025 1277 gloriae
1041 1218 1126 1257 meae
1142 1221 1170 1255 n.

500 1573 556 1627 14.
576 1571 720 1627 Ausone
741 1571 765 1627 a
781 1584 847 1627 son
862 1572 962 1638 pere.

472 1683 642 1764 (Ausonius
664 1683 706 1742 ad
723 1691 845 1764 patrem
867 1684 984 1766 auum.)

162 1859 202 1923 2⁰
267 1841 467 1901 Credideram
491 1843 531 1900 nil
556 1864 644 1922 posse
666 1843 741 1901 meis
763 1843 922 1902 affectibus
945 1843 1026 1916 addi,

307 1938 386 2010 Quo,
411 1941 588 1998 venerande
611 1948 707 2019 paler,
725 1940 885 2016 diligerere
899 1941 1007 2018 magis

268 2035 346 2093 Ecce
371 2057 467 2115 nepos
489 2045 519 2094 te
543 2037 615 2098 lecit
635 2057 746 2109 avum3
770 2035 844 2094 mihi
867 2036 947 2094 filius
968 2036 1061 2104 idem,

309 2133 348 2190 Et-
370 2134 424 2190 tibi
448 2153 504 2210 ego
528 2151 535 2192 ι
559 2133 617 2190 hoc
640 2141 713 2190 nato
736 2154 791 2190 nos
813 2154 918 2190 sumus
939 2133 1029 2191 ambo
1051 2139 1167 2212 patres,

268 2230 332 2287 Nec
352 2229 415 2308 jam
438 2231 503 2287 sola
525 2230 601 2287 mihi
624 2230 720 2309 pietas
743 2250 809 2287 mea
833 2230 940 2288 suadet
961 2250 1098 2288 amorem
1123 2247 1130 2289 τ

311 2325 443 2384 Nomine
467 2335 495 2384 te
518 2327 631 2403 gemini
652 2327 714 2406 jam
738 2327 885 2405 genitoris
906 2348 986 2385 amc.

270 2423 409 2480 Accessit
432 2423 540 2481 titulus
562 2432 614 2481 tua
636 2445 698 2502 quo
720 2424 890 2481 reverentia
912 2431 1038 2494 crescat,

311 2519 377 2584 Quo
401 2519 527 2577 doceam
551 2528 657 2578 natum
681 2520 754 2599 quid
777 2521 816 2577 sit
839 2541 939 2578 amare
962 2527 1090 2598 patrem.

268 2611 391 2690 Quippe
414 2612 471 2669 tibi
494 2621 633 2692 aequatus
655 2613 773 2679 videor,
798 2611 880 2690 quod
902 2612 1048 2691 parvulus
1070 2612 1128 2670 isto

310 2708 442 2766 Nomine
466 2709 652 2767 honoralum
675 2730 723 2767 me
745 2730 868 2788 quoque
890 2709 1052 2781 nobilitat3

267 2807 370 2884 Atque
393 2813 467 2864 aetas
490 2807 562 2885 quia
586 2813 690 2864 nostra
714 2805 818 2863 eadem
835 2825 841 2864 z
859 2826 929 2865 nam
952 2806 1092 2884 supparis
1109 2805 1173 2864 'aevi

307 2903 384 2960 Sum
408 2902 463 2960 libi
487 2925 554 2980 ego,
579 2912 610 2962 et
631 2923 756 2982 possum
779 2903 882 2960 fratris
903 2902 1014 2960 hahere
1037 2903 1147 2964 vicem.

267 2999 330 3056 Nee
354 3005 474 3057 lantum
499 3001 612 3058 nostris
634 3001 767 3079 spatium
790 3000 999 3078 interponitur
1019 3000 1119 3074 annis,

307 3096 433 3163 Quanta
457 3098 557 3155 solent
579 3097 654 3155 alios
677 3104 814 3175 tempora
837 3096 984 3156 dividere.
1005 3133 1006 3138 =

270 3191 339 3250 Vidi
363 3214 420 3270 ego
443 3194 559 3251 natales
581 3194 710 3251 fratrum
732 3194 844 3252 distare
868 3201 913 3252 tot
934 3193 1032 3265 annis,

306 3289 392 3356 Quot
417 3299 537 3348 nostros
556 3309 561 3349 :
579 3287 679 3348 aeirum
702 3292 825 3349 nomina
848 3312 910 3348 non
932 3297 1074 3350 onerant.

267 3386 404 3446 Pulchra
424 3387 555 3465 juventa
578 3387 635 3444 tibi
658 3388 776 3446 senium
801 3388 843 3445 sic
862 3389 976 3466 jungit,
1001 3395 1035 3444 ut
1057 3408 1157 3445 aevum

310 3483 399 3550 Quod
423 3484 508 3561 prius
530 3490 577 3542 est
598 3492 737 3555 maneat3
762 3484 958 3564 quodmodo
982 3491 1016 3542 ut
1037 3483 1176 3563 incipiat.

219 3647 222 3653 Α
266 3582 376 3638 Annos
399 3600 447 3637 me
470 3581 586 3638 nescire
609 3588 691 3653 tuos,
715 3589 802 3660 pater
823 3581 949 3659 optime,
975 3588 1092 3640 testor:

308 3676 430 3754 Totque
452 3684 561 3755 putare
584 3684 665 3750 tuos,
690 3685 766 3757 quot
788 3698 857 3736 reor
879 3698 943 3736 esse
965 3699 1061 3738 meos

661 3838 799 3887 ..10-
