2678 4250
435 176 437 182 ’
482 194 518 230 ea
539 193 587 230 vm
609 175 709 230 rmvds
730 193 781 230 uss
803 193 929 231 norimus

206 311 311 364 mento
335 311 408 362 sunt
429 303 477 362 vel
497 297 619 364 scaenici
639 312 769 378 actores,
791 305 844 384 qui
864 309 895 390 et
907 305 1031 385 optimis
1045 315 1207 394 poetarum

206 407 325 460 tantum
341 395 492 482 bdjiciunt
512 389 629 478 gratiae,
648 409 684 460 ut
705 422 760 461 nos
779 401 901 461 infinito
916 387 1134 480 inagiseadem
1153 400 1206 458 illa

206 495 311 555 audita
327 518 419 577 quam
443 498 522 557 lecta
541 498 710 572 delectent3
732 506 763 557 et
785 498 940 558 vilissimis
957 499 1050 557 etiarn
1077 498 1207 586 quibus-

185 643 188 650 .
205 592 456 674 damimpetrant
469 615 569 667 aures,
585 592 621 654 ut
640 595 874 676 quibus'nullus
891 596 984 654 estin
1010 593 1207 654 bibliothecis

205 687 302 764 locus,
325 691 365 749 sit
388 692 480 750 etiam
502 690 652 772 frequens
683 693 714 750 in
743 693 884 753 theatris,
910 693 1025 760 Quodsi
1047 692 1079 750 in
1100 691 1218 764 rebus(

204 807 281 868 quas
303 787 388 846 fictas
417 809 481 848 esse
509 788 679 848 scimus·.et
703 790 818 862 inanes,
845 798 964 849 tantum
987 773 1220 875 'pronuntiatio'¹

204 891 318 964 potest,
343 892 377 945 ut
396 885 483 960 iram,
511 883 661 962 lacrimam,
688 888 925 967 sollicitudinem
948 889 1064 959 aderat,
1087 891 1219 970 quanto*

204 981 274 1061 plus
298 983 399 1042 valeat
418 1003 541 1043 necesse
566 993 622 1056 est,
652 985 704 1043 ubi
728 993 759 1044 et
784 984 962 1044 credimus?
988 982 1137 1071 Equidem
1155 979 1219 1039 vr'i'

204 1077 390 1138 mediocrem
414 1081 598 1152 orationem,
629 1069 873 1142 sommendatam
888 1079 890 1088 ’
907 1082 1023 1141 viribus
1061 1079 1204 1152 actionis,

204 1176 420 1236 affirmaverim
431 1178 501 1257 plus
516 1178 689 1239 habituram
703 1199 768 1238 esse
780 1180 928 1238 momenti
951 1197 1043 1260 quam
1056 1177 1203 1257 optimam

203 1271 309 1332 eadem
325 1274 377 1334 illa
392 1271 583 1336 destitutam.
1206 1285 1208 1290 “

239 1478 322 1536 371.
343 1481 439 1535 P-our
462 1477 660 1547 emouvotr,
680 1481 861 1539 l'orateur
880 1480 958 1537 nott
978 1479 1059 1548 etro
1078 1475 1170 1550 dmu.
1192 1516 1195 1522 -

205 1580 288 1663 (Non
308 1581 382 1664 fieri
398 1590 500 1664 potest
516 1591 548 1643 ut
561 1583 688 1660 auditor
707 1579 874 1659 moveatur,
893 1584 957 1644 nisi
972 1591 1077 1644 orator
1092 1590 1125 1643 'et
1140 1581 1206 1664 ipse

612 1690 711 1741 motus
733 1681 797 1763 sit.)

150 1831 190 1895 2⁸
245 1828 352 1910 Neque
368 1829 433 1889 fieri
451 1838 565 1910 potest,
582 1838 616 1891 ut
632 1830 736 1891 doleat
755 1833 780 1891 is
804 1833 857 1912 qui
876 1832 972 1904 audit,
991 1838 1026 1891 ut
1038 1829 1207 1900 oderit,4ut

204 1925 352 1998 invideat,
374 1934 408 2006 ut
428 1929 626 2007 pertimescat
646 1929 773 2008 aliquid,
795 1937 827 1988 ut
847 1929 884 1988 ad
907 1931 1012 1988 tletum
1033 1927 1205 1986 misericor-

139 2010 143 2037 ⁷
203 2021 348 2103 diemque
373 2023 553 2096 deducatur,
580 2026 639 2084 nisi
663 2047 769 2098 omnes
791 2025 835 2084 illi
860 2034 973 2095 mutue,
1000 2033 1077 2106 quos
1098 2031 1205 2083 orator

204 2118 350 2182 adhibere
368 2122 452 2180 volet
472 2122 580 2201 judici,
600 2122 632 2180 in
652 2123 719 2202 ipso
734 2131 855 2182 oratore
878 2122 1016 2202 impressi
1033 2128 1205 2200 essentque

203 2216 299 2294 inusti
315 2216 514 2296 videbuntur.
541 2219 803 2290 Nonmehercule
823 2240 969 2300 umquam
988 2218 1070 2299 apud
1082 2218 1206 2298 judices
1224 2251 1226 2254 ·

203 2312 351 2385 dolorem,
380 2321 434 2372 aut
461 2305 712 2389 misericordiam,
744 2324 798 2375 aut
823 2317 983 2386 invidiam,
1015 2322 1069 2375 aut
1096 2314 1204 2374 odium

203 2409 334 2468 dicendo
344 2411 478 2470 excitare
489 2412 586 2484 volui,
601 2413 676 2491 quin
687 2414 753 2493 ipse
765 2414 797 2471 in
806 2412 1037 2473 commovendis
1044 2412 1205 2493 judicibus

203 2505 251 2563 his
266 2506 339 2585 ipsis
357 2507 510 2579 sensibus,
526 2509 563 2567 ad
585 2530 663 2589 quos
681 2511 750 2568 illos
770 2510 921 2570 adducere
940 2510 1062 2582 vellem,
1084 2529 1205 2588 permo-

204 2622 301 2662 verer.
320 2602 429 2683 Neque
449 2611 496 2664 est
515 2606 595 2663 enim
616 2606 704 2665 facile
723 2605 879 2686 perficere,
898 2615 932 2667 ut
946 2607 1096 2666 irascatur
1111 2606 1138 2665 ei
1154 2607 1204 2663 eui

204 2707 237 2758 tu
252 2700 328 2758 velis
342 2699 450 2780 judex,
466 2702 490 2759 si
510 2709 544 2761 tu
563 2703 628 2781 ipse
645 2703 676 2762 id
697 2703 778 2762 lente
799 2704 878 2763 ferre
898 2703 1034 2778 videare3
1055 2713 1205 2782 nequent

180 2795 304 2855 'ederit
320 2817 392 2854 eum
413 2819 504 2876 quem
524 2805 558 2857 tu
580 2799 666 2873 velis,
689 2800 748 2858 nisi
767 2808 797 2859 te
817 2801 917 2880 ipsum
938 2800 1117 2878 flagrantem
1132 2800 1207 2858 odio

203 2900 274 2952 ante
288 2894 420 2966 viderit;
439 2915 537 2974 neque
552 2894 590 2954 ad
605 2897 844 2956 misericordiam
857 2897 1037 2969 adducetur,
1052 2895 1109 2954 nisi
1124 2901 1159 2955 tu
1178 2897 1205 2955 ei
1223 2919 1224 2924 ¹

203 2991 290 3067 signa
311 2988 427 3049 doloris
445 2992 489 3049 tui
514 2993 624 3065 verbiS,
647 2995 818 3068 sententiis
836 3016 922 3068 voce,
944 2993 1044 3067 vultu,
1068 2992 1207 3055 collacri-

203 3087 338 3146 matione
359 3087 492 3169 denique
515 3091 696 3150 ostenderis.
718 3091 759 3150 Ut
778 3093 859 3151 enim
883 3092 964 3152 nulla
984 3091 1126 3151 materies
1141 3099 1206 3150 tam

203 3184 302 3243 facilis
319 3184 357 3243 ad
375 3186 636 3246 exardescendum
652 3195 708 3261 est,
723 3210 791 3267 quae
810 3189 867 3247 nisi
886 3189 1010 3249 admoto
1024 3188 1087 3266 igni
1101 3183 1206 3266 ignem

176 3305 178 3314 *
203 3281 365 3361 concipere
377 3283 489 3361 possit,
505 3285 548 3342 sic
562 3284 643 3356 nulla
657 3306 743 3344 mens
755 3293 802 3344 est
816 3293 877 3345 tam
889 3287 928 3345 ad
942 3284 1208 3366 comprehenden-

203 3376 273 3435 dam
295 3379 363 3435 vim
388 3377 536 3439 orationis
561 3388 678 3460 parata,
701 3403 770 3462 quae
790 3383 888 3461 possit
911 3379 1044 3454 incendi,
1058 3374 1118 3441 nisi
1139 3381 1209 3462 ipse

203 3474 413 3534 inflammatus
429 3477 466 3536 ad
480 3496 545 3536 eam
563 3485 593 3536 et
606 3478 716 3537 ardens
732 3479 905 3540 accesseris.
924 3480 994 3559 Ipsa
1015 3471 1125 3538 natura
1138 3465 1211 3558 ora-¹

208 3569 299 3629 tionis
317 3572 394 3651 ejus,
411 3593 490 3653 quae
504 3574 672 3654 suscipitur
686 3575 724 3634 ad
743 3575 872 3635 aliorum
890 3577 1008 3635 animos
1024 3596 1209 3656 permoven-

203 3664 271 3740 dOS,
285 3674 441 3746 voratorem
458 3670 559 3747 ipsum
575 3673 672 3749 magis
688 3673 781 3732 etiam
792 3694 884 3754 quam
897 3693 1082 3755 quemquam
1098 3693 1208 3733 eorum

204 3759 258 3840 qui
273 3763 405 3823 audiunt
421 3775 591 3843 permovet.

623 3929 808 3978 -eaass
