2682 4258
127 176 234 235 ror-ism.
250 209 285 218 -
301 178 417 232 roirss.
435 209 473 216 —
487 175 720 237 itoouuucu..-
739 192 900 230 onareuns.
921 205 960 214 —
977 174 1128 230 andraeas

179 493 262 552 379.
284 493 454 578 Querella
472 495 517 549 do
545 489 698 551 ciceron
717 503 808 548 aveo
827 492 884 549 les
903 491 1074 562 Atthues

540 579 716 637 romanis.

227 755 399 836 (Ciceronis
421 777 490 816 cum
511 729 628 816 Atticis
655 725 793 815 romanis
818 753 1027 837 disceptatio.)

168 1031 435 1089 «Demosthenem
460 1029 555 1107 igitur
582 1010 781 1100 imitemur»,
807 1028 954 1109 inquiunt
971 1027 1076 1089 Attici.
1101 1011 1185 1088 Olli!

125 1127 157 1186 di
175 1127 267 1200 boni;
289 1127 375 1207 quid,
400 1148 525 1209 quaes0,
552 1147 607 1186 nos
629 1126 710 1196 aliud
735 1125 865 1204 agimuS,
883 1132 936 1185 aut
958 1126 1031 1206 quid
1044 1127 1128 1187 aliud

125 1225 296 1304 optamus?
311 1227 353 1283 m
372 1244 434 1282 non
457 1223 660 1303 assequimur.
687 1223 741 1281 Isti
765 1223 846 1292 enim
868 1222 1013 1282 videlicet
1034 1224 1129 1283 Attici

125 1321 224 1379 nostri
237 1320 320 1401 quod
337 1321 449 1380 volunt
470 1328 687 1399 assequuntur.
711 1319 755 1378 Ne
771 1319 847 1378 illud
867 1319 990 1399 quidem
1010 1319 1130 1380 intelle-

125 1425 215 1496 gunt,
242 1439 304 1476 non
328 1418 420 1477 modo
446 1419 489 1477 ita
516 1419 681 1476 memoriae
710 1417 867 1496 proditum
896 1437 973 1487 esse,
1004 1418 1056 1497 sed
1088 1419 1129 1477 ita

126 1535 251 1573 necesse
262 1515 368 1589 fuisse,
380 1536 449 1573 cum
462 1515 684 1574 Demosthenes
695 1515 834 1574 dicturus
849 1521 939 1586 esset,
954 1522 989 1573 ut
1003 1535 1131 1574 concur·

126 1631 179 1669 sus
206 1612 351 1671 audiendi
376 1633 465 1671 causa
482 1618 606 1693 exfftota
627 1612 756 1671 Graecia
778 1612 897 1671 fierent.
925 1615 965 1671 At
988 1633 1059 1690 cum
1079 1611 1130 1670 isti

125 1707 223 1769 Attici
238 1709 355 1778 dicunt,
373 1731 435 1767 non
451 1709 542 1767 modo
560 1729 711 1778 acorona,
729 1707 811 1788 quod
828 1715 874 1766 est
891 1709 991 1787 ipsum
1007 1709 1132 1767 misera·
1184 1743 1185 1746 ¹

126 1804 198 1878 bile,
214 1805 268 1862 sed
283 1805 375 1864 etiam
390 1806 427 1864 ab
443 1805 601 1870 advocatis
612 1805 839 1884 relinquuntur.
852 1805 952 1872 Quare
966 1805 991 1864 si
1001 1813 1130 1883 anguste

125 1901 398 1961 etexiliterdieere
408 1909 454 1961 est
463 1903 646 1976 Atticorum,
657 1902 719 1960 sint
727 1922 799 1960 sane
810 1902 904 1964 Attici
914 1921 920 1974 ;
933 1902 1026 1961 sedin
1037 1903 1131 1961 comi·
1153 1900 1157 1908 ⁴

129 1997 205 2056 tium
223 1999 361 2070 veniant,
378 2000 415 2058 ad
430 2007 561 2058 stantem
577 1999 713 2079 judicem
730 1998 854 2058 dicant:
878 1999 1021 2058 subsellia
1040 2019 1130 2078 gran-

125 2095 245 2154 diorem
259 2103 290 2154 et
305 2096 474 2174 pleniorem
489 2117 597 2166 vocem
621 2095 809 2154 desiderant.
830 2095 909 2154 Volo
936 2096 995 2154 hoc
1016 2097 1129 2155 oratori

126 2193 299 2270 contingat,
313 2202 347 2252 ut
362 2214 432 2252 cum
448 2193 586 2252 auditum
602 2192 643 2250 sit
657 2213 726 2251 eum
738 2213 803 2251 esse
819 2192 986 2264 dicturum,
1003 2192 1088 2252 locus
1099 2194 1131 2252 in

125 2289 281 2348 subselliis
301 2297 480 2370 occupetur,
498 2289 691 2368 compleatur
705 2289 851 2359 tribunal,
868 2289 997 2367 gratiosi
1014 2290 1131 2350 scribae

125 2385 230 2444 sintin
243 2385 345 2444 dando
355 2394 385 2446 et
396 2386 533 2446 cedendo
543 2387 621 2458 loco,
635 2406 749 2445 corona
760 2386 932 2466 multiplex,
940 2386 1037 2467 judex
1048 2408 1132 2446 erec-

126 2491 197 2554 tus3
220 2503 289 2542 cum
305 2491 410 2562 surgat
429 2484 465 2554 is,
482 2484 534 2563 qui
550 2483 688 2542 dicturus
709 2484 759 2554 sit,
779 2483 970 2562 significetur
986 2505 1002 2543 a
1017 2505 1132 2544 corona

125 2578 295 2651 silentium,
319 2579 429 2638 deinde
461 2581 586 2640 crebrae
616 2581 819 2653 assensiones,
856 2581 971 2640 multae
998 2580 1131 2642 admira-

126 2676 229 2734 tiones
240 2694 246 2748 ς
257 2676 346 2749 risuS,
360 2698 430 2736 cum
442 2677 526 2751 velit,
539 2698 608 2736 cum
619 2677 705 2749 velit,
718 2677 808 2737 ssetus
821 2696 828 2738 ε
841 2684 891 2750 ut,
904 2677 958 2757 qui
971 2677 1046 2737 haec
1062 2699 1132 2757 pro-

125 2772 177 2832 cul
195 2772 307 2847 videat,
328 2775 420 2833 etiam
442 2775 467 2832 si
492 2774 565 2853 quid
591 2779 699 2851 agatur
712 2774 839 2846 nesciat,
852 2782 882 2834 at
895 2775 1016 2854 placere
1029 2781 1132 2834 tamen

125 2877 160 2929 et
173 2869 204 2926 in
220 2891 329 2930 scaena
342 2892 406 2930 esse
421 2872 569 2931 Roscium
585 2871 755 2948 intellegat.
773 2871 858 2930 Haec
873 2871 922 2930 cui
938 2871 1131 2951 contingant,

126 2966 291 3026 eumscito
322 2968 424 3026 Attice
451 2969 563 3038 dicere,
588 2977 622 3026 ut
652 2967 690 3026 de
720 2968 836 3027 Pericle
858 2968 1011 3041 audimus,
1037 2976 1071 3027 ut
1095 2967 1133 3026 de

128 3063 299 3142 Hyperide,
324 3071 358 3122 ut
383 3064 420 3122 de
433 3065 602 3136 AEschine,
627 3066 664 3123 de
688 3065 756 3144 ipso
782 3065 906 3144 quidem
923 3065 1132 3124 Demosthene

126 3159 273 3218 maxime.
285 3160 339 3218 Sin
354 3167 455 3220 autem
473 3169 609 3236 acutum,
627 3162 773 3240 prudens,
791 3168 822 3221 et
836 3153 915 3220 idem
932 3162 1084 3221 sincerum
1103 3170 1133 3221 et

126 3256 263 3316 solidum
287 3266 318 3317 et
344 3258 529 3317 exsiccatum
556 3279 652 3335 genus
675 3259 823 3317 orationis
851 3259 995 3338 probant,
1010 3280 1066 3318 nec
1081 3258 1134 3318 illo

129 3353 273 3432 graviore
294 3362 404 3412 ornatu
431 3355 567 3413 oratorio
585 3361 726 3428 utuntur,
750 3364 781 3415 et
808 3356 866 3415 hoc
893 3357 1052 3434 proprium
1068 3377 1135 3416 esse

127 3450 305 3509 Atticorum
321 3451 441 3521 volunt,
469 3460 551 3510 recte
576 3452 715 3512 laudant.
740 3453 793 3511 Est
806 3452 887 3511 enim
902 3444 938 3510 in>
960 3461 1024 3511 arte
1048 3460 1134 3514 tanta

126 3554 256 3625 tamque
280 3547 365 3606 varia
388 3548 479 3606 etiam
507 3548 579 3612 huic
614 3549 750 3608 minutae
778 3548 942 3608 subtilitati
964 3549 1061 3609 locus
1089 3552 1134 3608 lta

127 3645 194 3714 fiet,
211 3649 322 3701 utnon
339 3664 456 3716 omnes,
477 3645 530 3724 qui
548 3646 651 3719 attice,
673 3646 766 3705 iidem
778 3646 866 3720 bene,
882 3646 934 3704 sed
957 3653 993 3704 ut
1015 3655 1132 3715 omneS,

127 3741 183 3820 qui
199 3739 288 3810 bene,
306 3740 397 3799 iidem
414 3742 505 3800 etiam
519 3743 620 3801 Attice
632 3742 745 3803 dicant.

554 3960 588 3967 -
607 3917 658 3981 aaa
676 3941 711 3968 ·-
