2682 4258
498 201 533 238 ta
555 199 602 237 vua
623 180 724 236 rurvrts
746 197 797 235 uss
818 197 944 256 nonnius

394 576 479 634 489.
500 577 554 632 La
571 576 668 631 mort
687 575 783 632 n’est
802 587 873 642 pas
892 587 941 629 un
959 573 1043 630 mal.

483 749 626 829 (Mortem
649 767 710 807 non
730 769 795 808 esse
818 747 962 827 malum.)

149 1106 202 1170 nh,
258 1099 409 1160 Meditare
432 1107 574 1160 mortem.
601 1099 660 1166 Qui
684 1099 761 1158 mori
783 1099 901 1172 didicit,
925 1101 1040 1159 servire
1060 1100 1221 1164 dedidicit.

217 1197 316 1276 Supra
336 1217 457 1255 omnem
472 1197 642 1276 potentiam
661 1203 717 1266 est,
737 1204 818 1255 certe
833 1205 918 1255 extra
934 1218 1068 1257 omnem.
1085 1199 1166 1281 Quid
1182 1201 1222 1258 ad

217 1292 304 1351 illum
328 1313 443 1363 carcer,
466 1302 496 1352 et
523 1292 674 1364 custodia,
699 1301 731 1351 et
751 1274 910 1356 cladstra?
934 1294 1078 1352 Liberum
1106 1296 1221 1354 ostium

217 1389 320 1450 habet.
340 1389 407 1448 Una
423 1397 468 1448 est
483 1397 602 1461 catena,
616 1411 683 1468 quaa
701 1409 757 1447 nos
769 1389 909 1466 alligatos
920 1398 1015 1460 tenet,
1033 1411 1119 1450 amor
1134 1393 1219 1463 vitae,

216 1483 281 1568 qui,
309 1493 346 1545 ut·
370 1508 432 1544 non
461 1494 507 1545 est
533 1487 736 1566 abjiciendus
761 1487 803 1545 ita
827 1487 1013 1546 minuendus
1034 1495 1091 1559 est,
1124 1497 1169 1561 ut,
1194 1491 1222 1547 si

217 1584 341 1665 quando
356 1603 404 1641 res
429 1583 540 1660 exiget,
559 1583 634 1640 nihil
657 1603 714 1640 nos
734 1583 871 1642 detineat
898 1605 953 1641 nec
976 1585 1134 1664 impediat,
1157 1607 1222 1664 quo

217 1681 319 1739 minus
339 1679 438 1758 parati
459 1681 553 1738 simus
576 1679 659 1759 quod
681 1681 868 1759 quandoque
892 1680 1065 1739 faciendum
1086 1691 1133 1740 est
1158 1691 1221 1740 sta-

216 1777 271 1836 tim
288 1776 397 1836 facere.
416 1777 502 1842 Quod
518 1776 543 1834 si
558 1773 643 1834 tanta
656 1777 809 1855 cupiditas
824 1785 854 1835 te
872 1777 1019 1854 longioris
1037 1779 1104 1837 aevi
1122 1786 1217 1849 tenet,

214 1872 317 1950 cogita
343 1871 419 1930 nihil
446 1891 562 1945 eorum,
590 1894 658 1951 quae
685 1873 723 1930 ab
747 1873 844 1932 oculis
869 1873 984 1933 abeunt
1008 1882 1038 1934 et
1063 1875 1095 1932 in
1115 1897 1218 1935 rerum

215 1976 368 2041 naturam,
401 1989 438 2026 ex
467 1989 526 2047 qua
544 1969 728 2046 prodierunt
761 1991 795 2028 ac
828 1990 899 2028 mox
920 1991 1101 2050 processura
1132 1982 1218 2045 sunt,

214 2064 436 2137 reconduntur,
464 2065 615 2124 consumi.
648 2065 801 2124 Desinunt
826 2066 895 2141 ista,
925 2087 986 2125 non
1009 2077 1149 2147 pereunt.
1181 2071 1220 2130 Et

214 2181 308 2233 morS,
344 2182 435 2241 quam
469 2161 714 2240 pertimescimus
743 2184 778 2221 ac
813 2184 1001 2236 recusamuS,
1039 2165 1220 2226 intermittit

214 2257 321 2330 vitam,
342 2278 402 2316 non
421 2258 532 2336 eripit,
550 2259 652 2317 veniet
672 2259 795 2328 iterum,
813 2259 865 2338 qui
887 2280 942 2317 nos
959 2260 990 2318 in
1011 2261 1110 2318 lucem
1127 2284 1219 2342 repo-

214 2361 268 2413 nat
289 2352 364 2425 dies,
392 2373 482 2432 quem
505 2354 594 2412 multi
610 2363 799 2426 recusarent,
826 2356 883 2414 nisi
906 2356 1018 2415 oblitos
1042 2358 1216 2419 reduceret.

214 2449 275 2509 Sed
292 2458 399 2529 postea
415 2449 594 2528 diligentius
608 2451 725 2510 docebo
738 2452 852 2524 omnia,
865 2473 934 2532 quae
948 2452 1095 2512 videntur
1104 2457 1216 2534 perire,

213 2546 337 2606 mutari.
370 2547 473 2625 AEquo
508 2547 612 2605 animo
640 2547 732 2605 debet
761 2547 918 2607 rediturus
950 2550 1043 2610 exire..
1079 2552 1218 2613 Observa

214 2641 320 2701 orbem
344 2662 447 2700 rerum
477 2642 508 2699 in
537 2663 568 2700 se
595 2644 820 2702 remeantium:
856 2644 973 2703 videbis
1000 2646 1076 2704 nihil
1105 2647 1136 2705 in
1157 2649 1219 2709 hoc

214 2737 330 2796 mundo
362 2738 529 2816 exstingui,
560 2739 613 2796 sed
644 2739 764 2798 vicibus
793 2740 978 2801 descendere
1013 2763 1049 2802 ac
1079 2765 1217 2823 surgere.

214 2835 318 2893 AEstas
331 2835 416 2907 abiit,
436 2835 489 2894 sed
502 2835 579 2893 alter
592 2834 674 2894 illam
691 2856 788 2894 annus
806 2836 949 2897 adducet.
966 2839 1073 2898 Hiems
1092 2841 1217 2914 eccidit,

214 2932 350 2990 reserent
368 2931 450 2990 illam
474 2932 522 2990 sui
543 2953 674 2992 menses.
697 2933 798 2991 Solem
821 2955 882 2993 nox
904 2935 1018 3007 obruit,
1046 2936 1099 2994 sed
1117 2938 1218 3016 ipsam

214 3029 319 3086 statim
340 3029 404 3088 dies
433 3029 544 3105 abiget.
588 3029 751 3088 Stellarum
790 3030 847 3088 iste
883 3031 1040 3091 discursus
1064 3033 1219 3114 quidquid

215 3125 364 3203 praeteriit
381 3125 515 3204 repetit:
540 3146 610 3204 pars
634 3127 700 3184 caeli
714 3127 835 3185 levatur
856 3128 988 3201 assidue,
1018 3132 1087 3208 pa'rs
1105 3131 1219 3208 mergi-

214 3228 276 3281 tur.
295 3221 436 3301 Denique
460 3222 552 3280 finem
577 3221 698 3293 faciam,
720 3223 745 3280 si
778 3223 837 3282 hoc
857 3245 953 3283 unum
978 3225 1131 3305 adjecero,
1161 3249 1220 3287 nec

214 3317 359 3390 insaniae,
391 3338 446 3376 nec
466 3339 590 3396 pueroS,
623 3316 679 3377 nec
699 3327 800 3378 mente
823 3320 935 3401 lapsos,
958 3322 1064 3380 timere
1085 3331 1218 3382 mortem

213 3422 245 3471 et
260 3435 326 3472 csse
342 3414 565 3492 turpissimum,
590 3415 615 3472 si
637 3436 703 3474 eam
729 3411 924 3499 securitatem
945 3419 1033 3477 nobis
1052 3419 1130 3478 ratio
1153 3440 1217 3480 nou

214 3516 352 3590 praestat,
371 3510 409 3568 ad
423 3531 514 3590 quam
531 3511 663 3571 stultitia
679 3512 829 3594 perducit.
860 3519 864 3529 ²
