2682 4258
134 249 139 255 ·
189 229 323 270 munus,
357 249 378 256 ·—
403 233 542 270 suffiscus
570 245 609 256 -·
630 232 770 272 SAVANTS.
794 247 833 256 ···
854 231 1045 270 PfflLosornns

156 633 237 690 427.
257 637 440 694 comment
459 637 691 706 Protagoras
709 635 835 693 devint
855 634 1081 704 philosophe.

205 798 379 882 (Quomodo
400 802 592 885 Protagorae
613 801 816 882 ubilosoplzur
836 800 940 881 sactus
961 798 1023 872 sir.)

154 1171 364 1250 Protagoram,
392 1172 495 1231 virum
514 1172 546 1231 in
566 1171 915 1231 studiis'dootrinarum
946 1169 1114 1249 egregium,
1146 1193 1188 1256 3⁶

109 1267 341 1328 adulescentem
351 1269 449 1342 aiunt,
467 1269 568 1327 vietus
591 1268 750 1348 quaerendi
763 1269 872 1346 gratia,
895 1267 928 1326 in
943 1266 1115 1326 mercedem
1196 1299 1198 1302 ·

109 1365 241 1424 missum
254 1387 331 1439 esse,
344 1373 547 1445 vecturasque
558 1385 685 1424 onerum
697 1385 825 1444 corpore
837 1385 892 1423 suo
905 1362 1092 1423 factitavisse
1105 1381 1113 1423 :

107 1461 197 1541 quod
214 1483 311 1540 genus
337 1462 437 1522 Graeci
456 1466 616 1546 ἀχθοφόρους
630 1470 754 1534 vocant,
767 1461 861 1520 latine
876 1461 995 1540 bajulos
1010 1459 1115 1540 appel·

108 1559 222 1618 lamus
245 1560 274 1618 ls
292 1559 329 1618 de
347 1560 489 1638 proximo
509 1558 579 1617 rure
599 1559 630 1619 in
658 1558 813 1618 Abderam
841 1558 1002 1638 oppidum,
1025 1557 1114 1636 cujus

10 1707 12 1712 .
101 1655 270 1734 'popularis
282 1657 351 1728 fuit,
369 1656 511 1716 caudices
531 1655 606 1733 ligni
623 1656 770 1734 plurimos
793 1655 931 1714 funiculo
948 1654 1033 1712 brevi
1053 1653 1115 1711 cir-

10 1745 11 1752 *
105 1753 273 1811 cumdatos
289 1753 441 1832 portabat.
465 1753 542 1811 Tum
564 1753 643 1811 forte
659 1752 865 1828 Democritus
883 1751 1016 1810 civitatis
1031 1750 1114 1830 ejus-

10 1889 11 1920 3
108 1849 182 1908 dem
202 1849 289 1921 civis,
304 1849 397 1908 homo
410 1856 481 1908 ante
497 1849 572 1908 alios
595 1849 719 1907 virtutis
741 1856 771 1907 et
788 1847 992 1928 pbilosophiae
1016 1847 1114 1925 gratia

98 1941 318 2022 venerandus,
333 1967 403 2004 cum
416 1945 613 2023 egrederetur
625 1952 710 2004 extra
723 1945 841 2016 urbem,
858 1944 944 2002 videt
953 1964 1021 2002 eum
1042 1964 1113 2003 cum

106 2041 165 2100 illo
189 2063 302 2120 genere
330 2043 431 2101 oneris
457 2051 519 2101 tam
539 2043 688 2121 impedito
706 2063 741 2100 ac
759 2050 820 2100 tam
842 2040 1002 2099 incohibili
1024 2039 1113 2099 lacile

104 2146 203 2218 atque
219 2140 362 2218 expedite
374 2140 586 2199 incedentem:
603 2146 633 2197 et
646 2158 742 2218 prope
754 2137 883 2211 accedit,
894 2144 925 2195 et
934 2137 1112 2217 juncturam

109 2236 346 2316 posituramque
355 2237 430 2313 ligni
441 2237 516 2294 scite
527 2236 687 2315 periteque
699 2235 810 2293 factam
822 2233 1007 2307 considerat,
1021 2233 1114 2312 petit·

104 2353 168 2412 que
184 2339 218 2391 ut
233 2331 392 2412 paululum
406 2333 590 2412 acquiescat.
604 2331 692 2398 Quod
706 2332 758 2390 ubi
775 2331 970 2408 Protagoras,
986 2331 1030 2390 uti
1048 2337 1114 2391 erat

10 2431 11 2452 ³
107 2429 253 2508 petitum,
273 2429 356 2502 fecit,
379 2435 470 2508 atque
485 2429 592 2487 itidem
610 2429 805 2486 Democritus
818 2447 962 2486 acervum
979 2427 1066 2486 illum
1082 2433 1114 2488 et

104 2527 196 2606 quasi
227 2526 332 2584 orbem
361 2526 534 2598 caudicum,
559 2525 647 2584 brevi
684 2524 809 2583 vinculo
842 2524 1111 2603 comprehensum,

105 2623 229 2681 ratione
260 2623 392 2702 quadam
426 2623 513 2701 quasi
544 2621 730 2700 geometrica
756 2620 862 2680 librari
893 2621 1112 2700 continerique

105 2719 355 2792 animadvertit,
387 2719 590 2796 interrogavit
613 2719 681 2797 quis
708 2717 738 2775 id
760 2717 877 2795 lignum
906 2718 949 2776 ita
985 2737 1113 2795 compo-

104 2817 239 2882 suisset:
254 2822 286 2874 et
299 2836 369 2874 cum
386 2815 436 2874 ille
451 2836 467 2873 a
483 2835 515 2874 se
533 2816 740 2894 compositum
765 2814 903 2884 dixisset,
926 2813 1113 2872 desideravit

105 2921 142 2970 ut
169 2912 302 2972 solveret
326 2933 360 2971 ac
378 2913 479 2971 denuo
501 2912 533 2970 in
557 2911 682 2970 modum
704 2911 847 2971 eumdem
871 2909 1045 2969 collocaret.
1070 2912 1113 2968 At

106 3015 273 3088 postquam
290 3009 341 3068 ille
356 3009 448 3068 solvit
462 3029 498 3068 ae
513 3009 654 3066 similiter
667 3007 853 3088 composuit,
869 3014 935 3066 tum
952 3005 1112 3065 Democri-

106 3113 170 3178 tuS,
185 3105 279 3164 animi
296 3105 391 3164 aciem
404 3105 632 3184 sollertiamque
655 3105 788 3162 hominis
809 3124 872 3162 non
886 3103 970 3161 docti
981 3102 1112 3161 demira-

105 3211 174 3262 tus:
201 3225 215 3256 «
230 3199 274 3260 Mi
289 3202 479 3274 adulescens,
497 3202 607 3281 inquit,
624 3222 695 3260 oum
713 3201 871 3278 ingenium
888 3199 1111 3258 benefaciendi

104 3294 231 3371 babeas,
273 3306 345 3357 sunt
380 3299 498 3378 majora
535 3299 722 3376 melioraque
756 3319 825 3378 quae
858 3298 959 3355 lacere
990 3299 1111 3355 mecum

106 3397 225 3476 'possis;
245 3421 258 3450 o
288 3395 477 3474 abduxitque
501 3416 571 3454 eum
594 3395 708 3466 statim,
742 3415 907 3472 secumque
934 3393 1053 3465 habuit,
1080 3401 1111 3452 et

105 3489 265 3572 sumptum
280 3493 476 3564 ministravit,
494 3499 525 3550 et
535 3492 747 3573 philosophias
767 3491 882 3564 docuit,
902 3497 934 3549 et
952 3510 1018 3549 esse
1040 3511 1110 3550 eum

108 3589 181 3648 lecit
193 3596 327 3669 quantus
342 3597 451 3671 postea
466 3589 534 3668 luit.
