2678 4250
931 14 981 43 Ἶ,
1043 38 1048 47 ‚

319 216 391 256 Luxu
413 218 463 254 DES
485 217 654 268 BATlMENTS,
678 219 714 275 llll
736 220 771 256 LA
792 219 891 271 rante,
915 219 950 256 ni:
971 219 1007 256 LA
1028 217 1141 256 PARURB

233 328 310 386 Nam
326 327 405 387 sicut
419 329 522 388 animo
533 328 656 388 relictos
671 337 892 409 stupentesque
902 351 981 411 aqua
992 328 1101 407 frigida
1116 325 1235 409 spargi-

233 445 311 496 mus,
326 431 361 482 ut
377 424 415 484 ad
435 445 558 484 sensum
571 426 617 485 sui
638 426 766 485 redeant
785 451 791 484 ε
813 426 855 485 ita
868 427 985 485 viscera
1002 425 1133 484 istorum
1148 422 1234 483 vitiis

232 521 387 603 torpentia
396 521 473 581 nihil
482 522 630 596 sentiunt,
638 523 696 581 nisi
705 523 818 602 frigore
827 523 879 583 illa
890 520 1118 582 vehementiore
1127 541 1235 601 perus-

233 618 318 680 seris.
339 618 414 678 lnde
432 618 578 698 estquod
597 640 653 678 nec
673 619 743 679 nive
763 620 901 679 contenti
920 626 1002 691 sunt,
1020 617 1072 677 sed
1090 616 1232 696 glaciem,

232 715 320 776 velut
341 715 455 780 certior
477 715 521 774 illi
541 737 578 774 ex
600 715 698 775 solido
718 715 802 795 rigor
824 717 873 790 sit,
898 715 1074 797 exquirunt,
1096 734 1132 773 ac
1151 733 1235 792 saepe

233 795 372 892 repetitis
389 812 476 893 aquis
489 812 613 873 diluunt
630 832 636 873 :
654 834 722 894 quae
737 833 798 873 non
814 834 830 871 e
848 833 968 872 summo
984 811 1114 882 tollitur,
1131 809 1183 869 sed
1199 816 1237 868 ut

233 909 296 966 vim
311 895 457 989 majorem
473 909 595 986 habeat,
613 916 645 968 et
656 909 842 989 pertinacius
858 909 966 987 lriguS,
986 929 1023 966 ex
1040 907 1145 966 abdito
1160 907 1237 965 ello-

233 1005 327 1068 ditur.
349 1006 429 1084 Ergo
453 1005 569 1069 videbis
589 1006 737 1086 quosdam
756 1005 884 1084 graciles
898 1012 929 1064 et
941 1003 1066 1085 palliolo
1081 1002 1237 1082 localique

233 1102 450 1173 circumdatos,
464 1102 612 1183 pallentes
628 1110 659 1162 et
673 1104 782 1180 aegros,
795 1123 857 1162 non
869 1101 990 1161 sorbere
1003 1101 1102 1160 solum
1118 1099 1235 1174 nivem,

234 1197 391 1258 sedetiam
405 1219 471 1258 esse
482 1207 512 1258 et
522 1199 619 1258 frusta
635 1199 701 1279 ejus
716 1200 748 1257 in
765 1199 896 1280 scyphos
909 1219 981 1280 suos
994 1197 1138 1278 dejicere,
1153 1195 1239 1254 inter

234 1294 332 1375 ipsam
346 1295 471 1356 bibendi
486 1316 614 1357 moram.
630 1296 720 1356 Sitim
734 1316 799 1356 esse
814 1303 903 1377 putas
915 1296 929 1354 ’ἲ
941 1294 1048 1355 Febris
1058 1299 1117 1357 est.

283 1536 366 1596 277.
387 1534 574 1593 Maladles
592 1533 781 1593 resultant
800 1537 845 1592 de
863 1534 903 1591 le
923 1532 1186 1604 gloutonnerie.

459 1647 515 1730 (De
538 1647 656 1709 morbis
677 1646 717 1708 ab
739 1646 890 1710 edacitate
910 1645 1011 1728 ortis.)

170 1821 210 1885 θ’
275 1825 351 1884 lude
372 1824 482 1904 pallor,
503 1832 533 1885 et
557 1846 722 1884 nervorum
744 1824 817 1884 vino
839 1823 1027 1883 madentium
1054 1831 1179 1895 tremor,
1203 1829 1238 1881 et

235 1920 441 1980 miserabilior
458 1942 496 1980 ex
518 1922 722 1981 cruditatibus
742 1941 832 2002 quam
855 1941 892 1978 ex
915 1920 993 1979 lame
1012 1919 1140 1990 macies,
1164 1918 1240 1978 inde

235 2017 345 2076 incerti
361 2017 531 2098 labantium
546 2018 650 2097 pedes,
670 2025 701 2077 et
715 2039 835 2097 semper
849 2016 948 2095 qualis
962 2015 992 2075 in
1006 2015 1072 2096 ipsa
1088 2015 1239 2074 ebrietate

235 2114 396 2186 titubati03
410 2115 482 2173 inde
490 2115 521 2172 in
530 2121 627 2173 totam
638 2123 739 2174 cutem
750 2134 837 2172 umor
848 2113 1009 2181 admissus,
1021 2112 1238 2191 distentusque

236 2217 355 2282 venter,
383 2211 456 2269 dum
481 2211 559 2270 male
584 2212 732 2270 assuescit
753 2210 822 2289 plus
849 2231 956 2288 cupere
983 2230 1074 2290 quam
1096 2215 1237 2288 poterat,

236 2308 308 2366 inde
321 2308 448 2366 suffusio
463 2308 572 2366 luridae
587 2308 668 2382 bilis,
682 2316 713 2366 et
726 2306 850 2366 decolor
868 2307 982 2377 vultuS,
998 2306 1145 2386 tabesque
1160 2306 1240 2364 inse

236 2404 489 2484 putrescentium,
507 2412 538 2462 et
547 2405 688 2463 retorridi
704 2404 792 2482 digiti
808 2403 944 2462 articulis
958 2401 1239 2480 obrigescentibus,

237 2520 462 2580 nervorumque
482 2501 546 2560 sine
564 2515 655 2562 sensu
673 2500 843 2580 jacentium
866 2507 982 2579 torpor,
1001 2505 1055 2558 aut
1076 2497 1241 2578 palpitatio
1330 2573 1331 2580 ἵ

236 2595 301 2654 sine
357 2599 586 2657 intermissione
633 2598 833 2657 vibrantium.
890 2597 970 2665 Quid
1012 2595 1123 2675 capitis
1175 2615 1248 2652 ver-

237 2691 349 2770 tigines
373 2691 496 2753 dicam?
521 2693 595 2772 quid
623 2693 783 2753 oculorum
807 2693 989 2774 auriumque
1014 2699 1180 2762 tormenta,
1211 2702 1244 2753 et

237 2789 353 2847 cerebri
368 2790 527 2847 aestuantis
543 2789 792 2862 verminationes
810 2798 841 2848 et
855 2790 956 2849 omnia
973 2811 1027 2869 per
1042 2811 1111 2869 quae
1128 2811 1243 2850 exone-

238 2906 351 2956 ramur,
367 2885 497 2944 internis
513 2886 666 2946 ulceribus
682 2887 813 2946 affecta?
833 2887 1068 2945 innumerabilia
1089 2895 1241 2966 praeterea

237 2983 368 3042 febrium
380 3003 500 3061 genera,
517 2982 646 3041 aliarum
658 2983 774 3062 impetu
792 2983 995 3056 saevientium,
1008 2983 1137 3041 aliarum
1154 2986 1242 3059 tenui

237 3088 323 3159 peste
338 3080 522 3159 repentium,
540 3079 667 3138 aliarum
687 3100 756 3138 cum
777 3079 902 3138 horrore
923 3083 953 3137 et
970 3079 1066 3138 multa
1084 3081 1242 3140 membro-

237 3198 305 3234 rum
321 3175 515 3257 quassatione
527 3175 717 3234 venientium
728 3175 836 3260 ‘lNQuid
855 3175 930 3234 alios
948 3176 1077 3234 reseram
1098 3177 1241 3236 innume-

237 3273 347 3332 rabiles
363 3273 497 3346 morbos,
510 3271 659 3351 supplicia
675 3272 828 3332 luxuriae?
845 3273 999 3331 Immunes
1015 3281 1104 3332 erant
1118 3274 1157 3348 ab
1173 3275 1241 3333 istis
1309 3281 1310 3284 ’

238 3370 336 3442 malis,
350 3371 402 3449 qui
425 3370 561 3427 nondum
583 3389 614 3426 se
634 3367 752 3427 deliciis
774 3369 938 3440 solverant,
959 3369 1011 3449 qui
1030 3369 1088 3456 sibi
1108 3371 1241 3451 impera-

238 3465 321 3536 bant,
348 3465 405 3523 sibi
425 3464 651 3524 ministrabant.
678 3465 760 3522 Nihil
780 3485 857 3542 opus
881 3465 940 3522 illis
959 3472 1024 3523 erat
1043 3473 1106 3524 tam
1129 3487 1241 3545 magna

238 3561 424 3620 medicorum
440 3560 640 3641 supellectile,
658 3582 713 3619 nec
726 3568 773 3619 tot
788 3560 992 3634 ferramentis,
1010 3568 1104 3642 atqu'e
1120 3564 1242 3644 pyxidi-
1301 3574 1307 3585 '

239 3659 305 3715 bus.
336 3657 471 3735 Simplex
495 3665 560 3716 erat
587 3678 739 3717 excausa
768 3656 899 3736 simplici
926 3657 1089 3730 valetudo;
1121 3660 1238 3719 multos

239 3752 362 3811 morbos
379 3752 473 3811 multa
491 3754 605 3812 fercula
622 3754 771 3815 lecerunt.

661 3938 816 3990 -194-
