2682 4258
119 161 227 218 rotsm.
249 193 287 204 -
305 164 420 222 notras,
439 194 476 204 -
495 162 668 226 dnoouuncu.
683 196 723 207 -
740 183 900 221 oneratum.
916 197 955 206 -
970 165 1120 224 nutrituris
1176 177 1178 182 '

275 593 359 652 390.
379 595 429 650 Le
448 591 604 651 rheteur
622 593 775 652 cassius
795 596 963 654 Severus.

380 829 438 914 (De
462 830 567 892 Cassio
589 807 700 893 Severo
716 830 863 915 rhetore.)

162 1211 292 1271 Memini
313 1233 361 1270 me
382 1233 399 1272 a
423 1212 536 1272 Severo
553 1212 660 1272 Cassio
675 1233 811 1293 quaerere
828 1211 903 1293 quid
923 1218 1003 1271 esset
1016 1233 1071 1270 cnr
1085 1209 1116 1270 in
1130 1215 1185 1272 nn.

122 1309 399 1370 declamationibus
420 1309 463 1368 illi
484 1331 537 1368 sua
560 1330 621 1368 non
645 1311 845 1390 responderet
871 1308 1058 1389 eloquentia.
1084 1309 1119 1366 ln
1184 1345 1208 1384 .·

122 1407 209 1466 nullo
225 1407 305 1465 enim
324 1407 381 1465 hoc
399 1406 492 1467 fiebat
511 1407 687 1466 notabilius.
712 1407 818 1466 Oratio
838 1405 904 1486 ejus
924 1414 990 1465 erat
1002 1406 1118 1478 valens,
1185 1419 1188 1424 '

120 1503 218 1580 culta,
235 1503 413 1580 ingentibus
428 1504 518 1583 plena
536 1504 707 1563 sententiis
723 1504 820 1562 Nemo
835 1504 936 1562 minus
950 1523 1057 1582 passus
1075 1509 1123 1568 est

122 1599 240 1680 aliquid
254 1601 285 1658 in
301 1601 421 1659 actione
442 1622 494 1660 sua
515 1601 605 1659 otiosi
621 1621 697 1673 esse,
712 1599 795 1658 nulla
810 1622 879 1680 pars
897 1607 961 1659 erat
977 1621 1045 1680 quae
1058 1620 1119 1658 non

123 1718 178 1755 sua
194 1697 311 1756 virtute
331 1705 436 1766 staret,
458 1697 533 1756 nihil
556 1699 665 1778 inquo
684 1698 808 1756 auditor
825 1697 890 1756 sine
909 1697 1021 1756 damno
1037 1697 1120 1755 aliud

114 1802 239 1872 ageret.
265 1794 374 1854 Omnia
396 1795 525 1868 intenta,
550 1796 653 1875 aliquo
675 1797 822 1874 petentia.
847 1795 944 1853 Nemo
971 1794 1068 1872 magis
1089 1794 1121 1851 in

124 1913 179 1950 sua
193 1896 347 1972 potestate
362 1892 470 1951 habuit
484 1893 675 1950 audientium
694 1893 830 1952 allectus
849 1892 964 1950 Verum
980 1891 1120 1970 estquod

121 1988 162 2047 de
176 1988 230 2047 illo
244 1988 322 2047 dixit
338 1988 438 2048 Gallio
454 1996 579 2050 noster:
596 2014 609 2044 ι(
626 1989 703 2047 Cum
719 1988 844 2060 diceret,
861 2009 962 2046 rerum
984 1987 1123 2068 potieba-

121 2093 188 2154 tur;
213 2085 291 2144 adeo
311 2106 417 2144 omnes
440 2087 588 2166 imperata
612 2086 775 2145 faciebant.
797 2086 876 2145 Cum
898 2085 948 2144 ille
969 2085 1121 2158 voluerat,

121 2182 345 2242 irascebantur.
365 2183 463 2242 Nemo
481 2205 553 2254 non,
573 2184 626 2241 illo
646 2183 776 2253 dicente,
801 2182 931 2242 timebat
946 2203 984 2241 ne
1004 2182 1124 2241 desine-

120 2287 180 2340 ret.
203 2281 273 2338 Non
296 2288 342 2338 est
372 2280 455 2359 quod
477 2280 562 2338 illum
585 2302 622 2338 ex
643 2281 690 2338 his
717 2302 785 2360 quae
807 2280 903 2338 edidit
919 2280 1087 2340 aestimetis.
1106 2304 1122 2335 1)
1203 2294 1207 2301 ·

122 2378 204 2436 Sunt
221 2377 346 2457 quidem
360 2385 391 2435 et
405 2378 470 2436 haec
492 2378 675 2458 quibusdam
698 2385 799 2456 grata3
820 2397 926 2436 verum
948 2366 1123 2457 eloquentia

121 2474 190 2554 ejus
210 2474 300 2552 longe
320 2474 419 2553 major
440 2482 505 2533 erat
527 2496 618 2554 quam
639 2474 741 2534 lectio.
762 2475 831 2534 Nou
849 2476 906 2533 hoc
928 2495 962 2532 ea
983 2475 1124 2554 portione

121 2570 168 2629 illi
190 2570 313 2643 accidit,
340 2592 397 2649 qua
421 2571 564 2630 omnibus
586 2573 648 2630 l'ere
675 2572 786 2650 quibus
798 2572 907 2652 majori
927 2571 1125 2630 commenda-

122 2668 203 2727 tioni
220 2675 268 2727 est
289 2667 388 2726 audiri
406 2689 497 2747 quam
520 2669 590 2746 legi,
606 2669 658 2726 sed
679 2669 710 2726 in
728 2669 779 2727 illo
799 2669 889 2746 longe
906 2669 1005 2748 majus
1018 2667 1126 2725 discri-

122 2785 195 2824 men
213 2771 269 2824 est.
288 2765 425 2823 Primum
440 2765 631 2824 tantumdem
652 2766 760 2824 eratin
774 2765 908 2836 homine,
926 2772 1076 2844 quantum
1091 2763 1123 2820 in

121 2862 251 2940 ingenio
265 2881 272 2921 :
287 2863 425 2940 corporis
440 2862 619 2940 magnitudo
634 2863 812 2941 conspicua,
830 2863 963 2921 suavitas
978 2861 1126 2920 valentis-

122 2959 210 3018 simae
229 2958 326 3028 vocis,
352 2960 492 3037 quamvis
509 2959 574 3018 haec
593 2959 674 3018 inter
695 2980 726 3017 se
743 2980 811 3017 raro
833 2966 951 3029 coeant,
970 2966 1003 3016 ut
1019 2959 1124 3016 cadem

124 3076 186 3115 vox
200 3062 231 3115 et
245 3054 343 3114 dulcis
357 3055 397 3114 sit
409 3062 440 3114 et
454 3039 561 3114 solida.
577 3055 696 3114 Deinde
707 3055 772 3135 ipsa
785 3076 854 3135 quae
867 3056 987 3114 dicebat
998 3055 1125 3112 meliora

121 3158 212 3211 erant
236 3173 328 3231 quam
352 3173 421 3231 quae
444 3151 570 3212 sciebat.
597 3153 653 3210 Vir
678 3153 759 3210 enim
783 3152 941 3232 praesentis
966 3152 1070 3223 animi,
1093 3157 1125 3209 et

122 3249 251 3329 majoris
275 3248 389 3326 ingenii
414 3269 506 3329 quam
527 3249 632 3324 studii,
657 3250 753 3327 magis
776 3250 916 3329 placebat
937 3249 967 3306 in
989 3248 1036 3306 his
1056 3269 1127 3328 qnae·

124 3345 315 3417 inveniebat,
340 3365 430 3425 quam
453 3346 484 3403 in
510 3345 645 3425 hisquae
668 3347 823 3406 attulerat.
843 3346 911 3405 Jam
933 3366 1006 3404 vero
1028 3345 1128 3404 iratus-

123 3443 319 3502 commodius
332 3442 464 3502 dicebat.
483 3442 555 3500 Ideo
571 3443 802 3520 diligentissime
818 3443 968 3502 cavebant
984 3443 1125 3501 homines

122 3561 164 3600 ne
175 3539 327 3598 dicentem
339 3539 580 3618 interpellarent.
595 3540 655 3598 Uni
668 3540 712 3599 illi
724 3541 869 3620 proderat
881 3539 998 3612 excuti3
1016 3539 1130 3598 melius·

120 3657 247 3716 semper
271 3637 394 3696 fortuna
414 3657 505 3716 qnam
530 3657 601 3696 cura
621 3637 660 3695 de
681 3637 733 3695 illo
755 3638 901 3697 merebat.
924 3637 969 3696 Ex
988 3645 1130 3717 tempore

119 3742 253 3795 coactus
270 3733 383 3807 dicere,
403 3734 525 3824 infinito
541 3754 572 3791 se
588 3733 799 3794 antecedebat.

547 3923 736 3974 ..279....
