2678 4250
113 187 190 244 323.
211 189 334 246 Triste
353 190 537 247 condition
556 190 637 247 d’un
655 191 871 260 professeur
890 190 914 248 st
931 191 1052 246 Rome.

155 292 267 366 (Quam
290 295 403 355 misera
424 295 540 357 Romae
560 295 659 376 suerit
675 295 891 378 professorum
913 293 999 374 vita.)

94 449 159 516 Quis
180 453 296 532 gremio
318 455 464 514 Enceladi
485 455 630 536 doctique
651 454 833 514 Palaemonis
854 455 942 512 allert
1019 509 1020 514 ,
1091 451 1143 506 Rh-

93 546 240 613 Quantum
261 553 479 629 grammaticus
500 553 613 612 meruit
633 552 744 611 labor?
766 552 805 611 Et
825 558 929 611 tamen
950 569 987 608 ex
1009 547 1078 618 hoc,

93 643 307 729 Quodcumque
332 655 379 708 est
398 649 513 730 (minus
533 656 579 709 est
604 657 706 709 autem
728 669 820 730 quam
841 646 974 708 rhetoris
995 643 1079 723 aera),

93 741 237 824 Discipuli
258 752 362 805 custos
383 748 569 826 praemordet
590 749 818 817 Acoenonetus,

92 837 127 896 Et
146 840 198 920 qui
221 841 380 923 dispensat
401 843 514 922 frangit
535 844 603 902 sibi.
628 832 720 916 Cede,
745 843 912 918 Palaemon,

92 933 125 1024 Et
144 945 249 1016 patere
272 940 342 998 inde
365 940 479 1021 aliquid
503 940 688 1015 decrescere,
712 961 774 999 non
797 938 885 998 aliter
906 957 998 1019 quam
1023 999 1024 1003 ,

92 1030 212 1093 lustitor
233 1035 369 1096 hibernae
390 1038 500 1115 tegetis
520 1037 664 1118 niveique
685 1037 832 1097 cadurci:

91 1127 260 1191 Dummodo
281 1153 343 1193 non
364 1142 468 1214 pereat
490 1134 598 1194 mediae
620 1134 702 1216 quod
723 1133 822 1192 noctis
842 1133 881 1193 ab
902 1131 978 1191 hora

90 1223 206 1300 Sedisti,
231 1251 291 1310 qua
313 1251 403 1290 nemo
424 1231 522 1307 faber,
544 1252 605 1312 qua
626 1251 716 1290 nemo
738 1231 863 1290 sedebat

90 1320 141 1388 Qui
162 1325 255 1385 docet
275 1326 402 1407 obliquo
422 1328 524 1389 lanam
546 1329 697 1388 deducere
719 1329 819 1400 lerro;

89 1417 258 1482 Dummodo
280 1445 341 1483 non
363 1432 469 1505 pereat
488 1426 618 1485 totidem
639 1425 779 1484 olfecisse
800 1425 941 1484 lucernas
1004 1499 1008 1503 ι

88 1513 164 1580 Quot
185 1520 309 1580 stabant
330 1523 428 1602 pueri,
451 1542 521 1583 cum
543 1529 628 1584 totus
649 1521 774 1582 decolor
795 1528 876 1582 esset

90 1611 209 1677 Flaccus
230 1623 262 1676 et
284 1618 415 1678 haereret
435 1619 524 1700 nigro
545 1619 643 1698 fuligo
664 1619 796 1680 Maroni.

90 1708 164 1770 Rara
184 1719 286 1774 tamen
309 1735 436 1789 merces,
460 1737 529 1797 quae
550 1716 727 1794 cognitione
749 1714 865 1774 tribuni

89 1805 152 1866 Non
174 1818 273 1888 egeat.
297 1813 357 1871 Sed
379 1799 434 1872 vos
456 1834 552 1873 saevas
573 1813 723 1893 imponite
744 1812 836 1892 leges,

90 1903 126 1963 Ut
146 1909 329 1990 praeceptori
350 1910 515 1970 verborum
536 1910 642 1988 regula
663 1916 793 1986 constet,

89 1999 126 2060 Ut
147 2003 229 2084 legat
250 2007 407 2079 historias,
431 2015 571 2067 auctores
589 2007 711 2067 noverit
731 2025 852 2080 omnes;

90 2097 203 2179 Exigite
223 2110 258 2162 ut
278 2124 379 2163 mores
399 2111 522 2165 teneros
543 2125 600 2164 ceu
621 2103 732 2185 pollice
754 2103 858 2178 ducat,

89 2193 126 2253 Ut
147 2199 171 2256 si
193 2200 262 2279 quis
283 2221 351 2260 cera
374 2201 494 2260 vultum
515 2200 614 2275 facit;
637 2201 750 2278 exigite
771 2207 805 2260 ut
825 2200 864 2258 sit

87 2290 122 2350 Et
143 2303 228 2375 pater
248 2297 346 2378 ipsius
367 2305 476 2370 coetus,
500 2319 538 2358 ne
559 2298 661 2378 turpia
682 2297 797 2358 dicant.

90 2388 171 2464 Haec,
194 2393 307 2474 inquit,
331 2415 419 2454 cures
441 2413 448 2455 :
472 2402 514 2467 et,
536 2415 607 2454 cum
628 2415 661 2454 se
681 2393 810 2454 verterit
830 2413 940 2466 annus,

87 2486 209 2568 Accipe,
233 2490 344 2549 victori
364 2491 499 2572 populus
520 2491 605 2572 quod
626 2491 773 2572 postulat,
796 2510 916 2550 aurum.

191 2709 274 2769 324.
294 2713 364 2768 Les
384 2710 668 2782 grammon-rens
688 2712 725 2767 et
744 2712 800 2768 les
818 2710 963 2769 lettres.

221 2825 226 2834 '
282 2815 341 2896 (De
361 2815 577 2900 grammaticis
598 2813 686 2876 etde
709 2814 879 2897 litteratis.)

121 2974 296 3053 Appellatio
317 2976 587 3052 grammaticorum
613 2975 721 3036 Graeca
744 2974 968 3034 consuetudine
993 2973 1079 3034 inva-
1105 2977 1146 3040 3·

84 3066 148 3142 luit,
179 3071 228 3130 sed
259 3073 348 3130 initio
379 3072 505 3132 litterati
536 3074 736 3132 vocabantur.
765 3072 928 3133 Cornelius
956 3091 1078 3150 quoque

87 3165 198 3246 Nepos
220 3169 382 3228 inlihello
410 3190 471 3250 quo
493 3169 657 3247 distinguit
683 3169 852 3229 litteratum
879 3168 917 3227 ab
945 3166 1077 3242 erudite,

83 3259 232 3323 litteratos
254 3266 378 3345 quidem
401 3266 493 3344 vulgo
505 3266 651 3346 appellari
673 3267 716 3326 ait
729 3287 781 3325 eos
796 3265 849 3344 qui
873 3265 989 3350 aliquid
1010 3264 1080 3324 dili-

86 3366 193 3434 genter
206 3370 235 3421 ct
246 3369 335 3422 acute
350 3363 543 3444 scienterque
558 3363 678 3442 possint
688 3371 741 3422 aut
751 3362 851 3422 dicere
861 3370 915 3421 aut
926 3362 1057 3421 scrihere
1070 3382 1077 3435 ;

81 3463 216 3516 ceterum
242 3460 366 3539 proprie
400 3461 443 3519 sic
466 3459 665 3540 appellandos
693 3467 852 3540 poetarum
881 3460 1077 3539 interpretes,

82 3554 160 3629 quia
178 3554 293 3614 Graecis
306 3557 496 3634 grammatici
511 3558 719 3616 nominentur.
737 3557 815 3615 Sunt
833 3556 886 3636 qui
907 3556 1077 3616 litteratum

80 3649 281 3712 alittcratore
296 3652 498 3732 distinguant,
517 3662 551 3713 ut
564 3654 664 3714 Graeci
682 3654 915 3732 grammaticum
940 3675 957 3712 a
979 3674 1079 3730 gram-

81 3747 215 3821 matista,
246 3756 277 3808 et
311 3749 395 3809 illum
427 3751 553 3830 ‚quidem
588 3751 737 3824 absolute,
773 3749 855 3810 hunc
883 3751 1079 3810 mediocriter

499 3941 657 3992 „227-
