<?xml version="1.0" encoding="UTF-8"?>
<!DOCTYPE html PUBLIC "-//W3C//DTD XHTML 1.0 Transitional//EN"
    "http://www.w3.org/TR/xhtml1/DTD/xhtml1-transitional.dtd">
<html xmlns="http://www.w3.org/1999/xhtml" xml:lang="en" lang="en">
 <head>
  <title>
</title>
<meta http-equiv="Content-Type" content="text/html;charset=utf-8" />
  <meta name='ocr-system' content='tesseract 3.04.00' />
  <meta name='ocr-capabilities' content='ocr_page ocr_carea ocr_par ocr_line ocrx_word'/>
</head>
<body>
  <div class='ocr_page' id='page_1' title='image "./depublicaprivat00arnagoog_0049.png"; bbox 0 0 2670 4252; ppageno 0'>
   <div class='ocr_carea' id='block_1_1' title="bbox 337 235 1091 273">
    <p class='ocr_par' dir='ltr' id='par_1_1' title="bbox 337 235 1091 273">
     <span class='ocr_line' id='line_1_1' title="bbox 337 235 1091 273; baseline 0.001 -2"><span class='ocrx_word' id='word_1_1' title='bbox 337 235 372 271; x_wconf 74' lang='lat' dir='ltr'>ta</span> <span class='ocrx_word' id='word_1_2' title='bbox 393 235 523 272; x_wconf 66' lang='lat' dir='ltr'>rutilata.</span> <span class='ocrx_word' id='word_1_3' title='bbox 546 249 585 258; x_wconf 90' lang='lat'>-·</span> <span class='ocrx_word' id='word_1_4' title='bbox 605 236 654 272; x_wconf 85' lang='lat' dir='ltr'>LES</span> <span class='ocrx_word' id='word_1_5' title='bbox 676 235 811 273; x_wconf 66' lang='lat' dir='ltr'>auteurs,</span> <span class='ocrx_word' id='word_1_6' title='bbox 834 249 873 258; x_wconf 93' lang='lat'>-·-</span> <span class='ocrx_word' id='word_1_7' title='bbox 894 235 942 272; x_wconf 75' lang='lat' dir='ltr'>Les</span> <span class='ocrx_word' id='word_1_8' title='bbox 965 235 1091 272; x_wconf 72' lang='lat' dir='ltr'>Pauau&#39;rs</span> 
     </span>
    </p>
   </div>
   <div class='ocr_carea' id='block_1_2' title="bbox 184 344 1222 1186">
    <p class='ocr_par' dir='ltr' id='par_1_2' title="bbox 215 344 1220 616">
     <span class='ocr_line' id='line_1_2' title="bbox 215 344 1219 425; baseline 0 -22"><span class='ocrx_word' id='word_1_9' title='bbox 215 366 361 424; x_wconf 89' lang='lat' dir='ltr'>supernas</span> <span class='ocrx_word' id='word_1_10' title='bbox 387 367 419 404; x_wconf 92' lang='lat' dir='ltr'>se</span> <span class='ocrx_word' id='word_1_11' title='bbox 439 352 541 424; x_wconf 88' lang='lat' dir='ltr'>partes</span> <span class='ocrx_word' id='word_1_12' title='bbox 565 346 693 424; x_wconf 78' lang='lat' dir='ltr'>profert,</span> <span class='ocrx_word' id='word_1_13' title='bbox 714 346 752 403; x_wconf 88' lang='lat' dir='ltr'>ad</span> <span class='ocrx_word' id='word_1_14' title='bbox 774 345 907 403; x_wconf 88' lang='lat' dir='ltr'>fovenda</span> <span class='ocrx_word' id='word_1_15' title='bbox 932 345 1003 403; x_wconf 85' lang='lat' dir='ltr'>vitae</span> <span class='ocrx_word' id='word_1_16' title='bbox 1030 353 1123 425; x_wconf 86' lang='lat' dir='ltr'>atque</span> <span class='ocrx_word' id='word_1_17' title='bbox 1140 344 1219 404; x_wconf 83' lang='lat' dir='ltr'>lucis</span> 
     </span>
     <span class='ocr_line' id='line_1_3' title="bbox 215 441 1219 521; baseline -0.002 -21"><span class='ocrx_word' id='word_1_18' title='bbox 215 441 389 501; x_wconf 89' lang='lat' dir='ltr'>rudimenta</span> <span class='ocrx_word' id='word_1_19' title='bbox 405 448 518 521; x_wconf 75' lang='lat' dir='ltr'>praesto</span> <span class='ocrx_word' id='word_1_20' title='bbox 537 451 594 516; x_wconf 91' lang='lat' dir='ltr'>est,</span> <span class='ocrx_word' id='word_1_21' title='bbox 611 449 642 501; x_wconf 93' lang='lat' dir='ltr'>et</span> <span class='ocrx_word' id='word_1_22' title='bbox 654 463 759 501; x_wconf 87' lang='lat' dir='ltr'>recens</span> <span class='ocrx_word' id='word_1_23' title='bbox 773 443 853 500; x_wconf 88' lang='lat' dir='ltr'>natis</span> <span class='ocrx_word' id='word_1_24' title='bbox 870 451 978 500; x_wconf 92' lang='lat' dir='ltr'>notum</span> <span class='ocrx_word' id='word_1_25' title='bbox 994 450 1025 500; x_wconf 91' lang='lat' dir='ltr'>et</span> <span class='ocrx_word' id='word_1_26' title='bbox 1037 441 1219 500; x_wconf 82' lang='lat' dir='ltr'>familiarem</span> 
     </span>
     <span class='ocr_line' id='line_1_4' title="bbox 215 537 1220 616; baseline 0 -20"><span class='ocrx_word' id='word_1_27' title='bbox 215 539 332 597; x_wconf 89' lang='lat' dir='ltr'>victum</span> <span class='ocrx_word' id='word_1_28' title='bbox 360 540 472 598; x_wconf 83' lang='lat' dir='ltr'>offert?</span> <span class='ocrx_word' id='word_1_29' title='bbox 498 539 571 606; x_wconf 89' lang='lat' dir='ltr'>Quae</span> <span class='ocrx_word' id='word_1_30' title='bbox 604 539 699 616; x_wconf 85' lang='lat' dir='ltr'>igitur</span> <span class='ocrx_word' id='word_1_31' title='bbox 724 539 803 597; x_wconf 91' lang='lat' dir='ltr'>ratio</span> <span class='ocrx_word' id='word_1_32' title='bbox 832 545 878 597; x_wconf 90' lang='lat' dir='ltr'>est</span> <span class='ocrx_word' id='word_1_33' title='bbox 905 537 1099 597; x_wconf 75' lang='lat' dir='ltr'>nobilitatem</span> <span class='ocrx_word' id='word_1_34' title='bbox 1127 539 1220 598; x_wconf 89' lang='lat' dir='ltr'>istam</span> 
     </span>
    </p>

    <p class='ocr_par' dir='ltr' id='par_1_3' title="bbox 184 633 1222 1186">
     <span class='ocr_line' id='line_1_5' title="bbox 184 633 1220 714; baseline 0.002 -22"><span class='ocrx_word' id='word_1_35' title='bbox 184 695 193 713; x_wconf 85' lang='lat'><strong>.</strong></span> <span class='ocrx_word' id='word_1_36' title='bbox 215 635 280 694; x_wconf 86' lang='lat' dir='ltr'>nati</span> <span class='ocrx_word' id='word_1_37' title='bbox 302 636 394 694; x_wconf 93' lang='lat' dir='ltr'>modo</span> <span class='ocrx_word' id='word_1_38' title='bbox 420 635 555 694; x_wconf 89' lang='lat' dir='ltr'>hominis</span> <span class='ocrx_word' id='word_1_39' title='bbox 577 636 704 694; x_wconf 91' lang='lat' dir='ltr'>insitivo</span> <span class='ocrx_word' id='word_1_40' title='bbox 726 635 933 714; x_wconf 83' lang='lat' dir='ltr'>degenerique</span> <span class='ocrx_word' id='word_1_41' title='bbox 961 635 1108 694; x_wconf 90' lang='lat' dir='ltr'>alimento</span> <span class='ocrx_word' id='word_1_42' title='bbox 1129 633 1220 694; x_wconf 87' lang='lat' dir='ltr'>lactis</span> 
     </span>
     <span class='ocr_line' id='line_1_6' title="bbox 215 731 1221 812; baseline -0.002 -21"><span class='ocrx_word' id='word_1_43' title='bbox 215 732 308 791; x_wconf 89' lang='lat' dir='ltr'>alieni</span> <span class='ocrx_word' id='word_1_44' title='bbox 330 735 549 812; x_wconf 82' lang='lat' dir='ltr'>corrumpere?</span> <span class='ocrx_word' id='word_1_45' title='bbox 573 733 742 812; x_wconf 85' lang='lat' dir='ltr'>praesertim</span> <span class='ocrx_word' id='word_1_46' title='bbox 765 731 789 791; x_wconf 93' lang='lat' dir='ltr'>si</span> <span class='ocrx_word' id='word_1_47' title='bbox 810 732 878 803; x_wconf 83' lang='lat' dir='ltr'>ista,</span> <span class='ocrx_word' id='word_1_48' title='bbox 905 753 996 812; x_wconf 91' lang='lat' dir='ltr'>quam</span> <span class='ocrx_word' id='word_1_49' title='bbox 1021 732 1059 790; x_wconf 88' lang='lat' dir='ltr'>ad</span> <span class='ocrx_word' id='word_1_50' title='bbox 1081 731 1221 811; x_wconf 77' lang='lat' dir='ltr'>praeben-</span> 
     </span>
     <span class='ocr_line' id='line_1_7' title="bbox 215 826 1220 903; baseline -0.003 -16"><span class='ocrx_word' id='word_1_51' title='bbox 215 829 289 887; x_wconf 89' lang='lat' dir='ltr'>dum</span> <span class='ocrx_word' id='word_1_52' title='bbox 313 829 359 888; x_wconf 88' lang='lat' dir='ltr'>lac</span> <span class='ocrx_word' id='word_1_53' title='bbox 385 838 459 888; x_wconf 90' lang='lat' dir='ltr'>tunc</span> <span class='ocrx_word' id='word_1_54' title='bbox 486 829 657 902; x_wconf 83' lang='lat' dir='ltr'>adhibebis,</span> <span class='ocrx_word' id='word_1_55' title='bbox 683 838 738 888; x_wconf 87' lang='lat' dir='ltr'>aut</span> <span class='ocrx_word' id='word_1_56' title='bbox 766 849 864 903; x_wconf 89' lang='lat' dir='ltr'>serva,</span> <span class='ocrx_word' id='word_1_57' title='bbox 890 837 943 887; x_wconf 89' lang='lat' dir='ltr'>aut</span> <span class='ocrx_word' id='word_1_58' title='bbox 966 828 1086 887; x_wconf 88' lang='lat' dir='ltr'>servilis</span> <span class='ocrx_word' id='word_1_59' title='bbox 1114 835 1172 900; x_wconf 86' lang='lat' dir='ltr'>est,</span> <span class='ocrx_word' id='word_1_60' title='bbox 1193 826 1220 885; x_wconf 87' lang='lat' dir='ltr'>si</span> 
     </span>
     <span class='ocr_line' id='line_1_8' title="bbox 216 925 1219 1005; baseline 0.002 -23"><span class='ocrx_word' id='word_1_61' title='bbox 216 926 371 1004; x_wconf 86' lang='lat' dir='ltr'>improba,</span> <span class='ocrx_word' id='word_1_62' title='bbox 406 927 431 985; x_wconf 91' lang='lat' dir='ltr'>si</span> <span class='ocrx_word' id='word_1_63' title='bbox 462 927 613 998; x_wconf 82' lang='lat' dir='ltr'>informis,</span> <span class='ocrx_word' id='word_1_64' title='bbox 643 927 668 985; x_wconf 93' lang='lat' dir='ltr'>si</span> <span class='ocrx_word' id='word_1_65' title='bbox 699 926 870 1005; x_wconf 87' lang='lat' dir='ltr'>impudica,</span> <span class='ocrx_word' id='word_1_66' title='bbox 901 925 925 984; x_wconf 93' lang='lat' dir='ltr'>si</span> <span class='ocrx_word' id='word_1_67' title='bbox 960 925 1129 984; x_wconf 88' lang='lat' dir='ltr'>temulenta</span> <span class='ocrx_word' id='word_1_68' title='bbox 1159 931 1219 984; x_wconf 82' lang='lat' dir='ltr'>est.</span> 
     </span>
     <span class='ocr_line' id='line_1_9' title="bbox 217 1021 1222 1103; baseline 0 -23"><span class='ocrx_word' id='word_1_69' title='bbox 217 1022 412 1082; x_wconf 87' lang='lat' dir='ltr'>Patiemurne</span> <span class='ocrx_word' id='word_1_70' title='bbox 434 1023 585 1082; x_wconf 91' lang='lat' dir='ltr'>infantem</span> <span class='ocrx_word' id='word_1_71' title='bbox 609 1024 692 1082; x_wconf 91' lang='lat' dir='ltr'>hunc</span> <span class='ocrx_word' id='word_1_72' title='bbox 714 1032 852 1082; x_wconf 91' lang='lat' dir='ltr'>nostrum</span> <span class='ocrx_word' id='word_1_73' title='bbox 877 1023 1050 1103; x_wconf 91' lang='lat' dir='ltr'>pernicioso</span> <span class='ocrx_word' id='word_1_74' title='bbox 1075 1021 1222 1100; x_wconf 85' lang='lat' dir='ltr'>contagio</span> 
     </span>
     <span class='ocr_line' id='line_1_10' title="bbox 216 1118 403 1186; baseline 0.021 -10"><span class='ocrx_word' id='word_1_75' title='bbox 216 1118 320 1180; x_wconf 82' lang='lat' dir='ltr'>infici?</span> <span class='ocrx_word' id='word_1_76' title='bbox 400 1179 403 1186; x_wconf 83' lang='grc'><strong>,</strong></span> 
     </span>
    </p>
   </div>
   <div class='ocr_carea' id='block_1_3' title="bbox 288 1405 1147 1476">
    <p class='ocr_par' dir='ltr' id='par_1_4' title="bbox 288 1405 1147 1476">
     <span class='ocr_line' id='line_1_11' title="bbox 288 1405 1147 1476; baseline -0.008 -12"><span class='ocrx_word' id='word_1_77' title='bbox 288 1407 322 1464; x_wconf 80' lang='lat'>2.</span> <span class='ocrx_word' id='word_1_78' title='bbox 366 1407 423 1464; x_wconf 88' lang='lat' dir='ltr'>Un</span> <span class='ocrx_word' id='word_1_79' title='bbox 442 1408 548 1476; x_wconf 80' lang='lat' dir='ltr'>poete</span> <span class='ocrx_word' id='word_1_80' title='bbox 570 1408 705 1464; x_wconf 81' lang='lat' dir='ltr'>ouante</span> <span class='ocrx_word' id='word_1_81' title='bbox 726 1407 765 1463; x_wconf 87' lang='lat' dir='ltr'>la</span> <span class='ocrx_word' id='word_1_82' title='bbox 784 1408 879 1462; x_wconf 85' lang='lat' dir='ltr'>mort</span> <span class='ocrx_word' id='word_1_83' title='bbox 902 1407 986 1462; x_wconf 81' lang='lat' dir='ltr'>d&#39;un</span> <span class='ocrx_word' id='word_1_84' title='bbox 1008 1405 1147 1462; x_wconf 78' lang='lat' dir='ltr'>entant.</span> 
     </span>
    </p>
   </div>
   <div class='ocr_carea' id='block_1_4' title="bbox 389 1527 1049 1610">
    <p class='ocr_par' dir='ltr' id='par_1_5' title="bbox 389 1527 1049 1610">
     <span class='ocr_line' id='line_1_12' title="bbox 389 1527 1049 1610; baseline -0.006 -22"><span class='ocrx_word' id='word_1_85' title='bbox 389 1529 560 1610; x_wconf 87' lang='lat' dir='ltr'>(Mortuum</span> <span class='ocrx_word' id='word_1_86' title='bbox 589 1529 742 1610; x_wconf 79' lang='lat' dir='ltr'>infantem</span> <span class='ocrx_word' id='word_1_87' title='bbox 766 1536 857 1610; x_wconf 88' lang='lat' dir='ltr'>poeta</span> <span class='ocrx_word' id='word_1_88' title='bbox 884 1527 1049 1607; x_wconf 82' lang='lat' dir='ltr'>celebrat.)</span> 
     </span>
    </p>
   </div>
   <div class='ocr_carea' id='block_1_5' title="bbox 154 1751 1136 3857">
    <p class='ocr_par' dir='ltr' id='par_1_6' title="bbox 154 1751 1136 3857">
     <span class='ocr_line' id='line_1_13' title="bbox 154 1751 956 1846; baseline -0.002 -20"><span class='ocrx_word' id='word_1_89' title='bbox 154 1766 190 1827; x_wconf 79' lang='lat' dir='ltr'>3e</span> <span class='ocrx_word' id='word_1_90' title='bbox 218 1765 243 1824; x_wconf 88' lang='lat' dir='ltr'>O</span> <span class='ocrx_word' id='word_1_91' title='bbox 266 1765 318 1825; x_wconf 94' lang='lat' dir='ltr'>ubi</span> <span class='ocrx_word' id='word_1_92' title='bbox 340 1788 494 1846; x_wconf 87' lang='lat' dir='ltr'>purpureo</span> <span class='ocrx_word' id='word_1_93' title='bbox 516 1751 650 1826; x_wconf 82' lang='lat' dir='ltr'>suffusus</span> <span class='ocrx_word' id='word_1_94' title='bbox 670 1766 818 1844; x_wconf 90' lang='lat' dir='ltr'>sanguine</span> <span class='ocrx_word' id='word_1_95' title='bbox 841 1754 956 1824; x_wconf 84' lang='lat' dir='ltr'>candor</span> 
     </span>
     <span class='ocr_line' id='line_1_14' title="bbox 218 1862 954 1943; baseline 0 -23"><span class='ocrx_word' id='word_1_96' title='bbox 218 1863 396 1943; x_wconf 88' lang='lat' dir='ltr'>Sidereique</span> <span class='ocrx_word' id='word_1_97' title='bbox 418 1865 507 1923; x_wconf 90' lang='lat' dir='ltr'>orbes</span> <span class='ocrx_word' id='word_1_98' title='bbox 529 1864 709 1942; x_wconf 77' lang='lat' dir='ltr'>radiataque</span> <span class='ocrx_word' id='word_1_99' title='bbox 731 1863 845 1921; x_wconf 89' lang='lat' dir='ltr'>lumina</span> <span class='ocrx_word' id='word_1_100' title='bbox 868 1862 954 1936; x_wconf 80' lang='lat' dir='ltr'>caelO,</span> 
     </span>
     <span class='ocr_line' id='line_1_15' title="bbox 219 1959 897 2038; baseline -0.001 -21"><span class='ocrx_word' id='word_1_101' title='bbox 219 1959 257 2018; x_wconf 83' lang='lat' dir='ltr'>Et</span> <span class='ocrx_word' id='word_1_102' title='bbox 277 1961 433 2038; x_wconf 84' lang='lat' dir='ltr'>castigatae</span> <span class='ocrx_word' id='word_1_103' title='bbox 455 1962 581 2020; x_wconf 89' lang='lat' dir='ltr'>collecta</span> <span class='ocrx_word' id='word_1_104' title='bbox 605 1960 752 2018; x_wconf 86' lang='lat' dir='ltr'>modestia</span> <span class='ocrx_word' id='word_1_105' title='bbox 775 1960 897 2032; x_wconf 84' lang='lat' dir='ltr'>frontis,</span> 
     </span>
     <span class='ocr_line' id='line_1_16' title="bbox 219 2056 971 2138; baseline 0.003 -26"><span class='ocrx_word' id='word_1_106' title='bbox 219 2057 409 2136; x_wconf 88' lang='lat' dir='ltr'>lngenuique</span> <span class='ocrx_word' id='word_1_107' title='bbox 431 2079 522 2138; x_wconf 90' lang='lat' dir='ltr'>super</span> <span class='ocrx_word' id='word_1_108' title='bbox 543 2058 643 2116; x_wconf 88' lang='lat' dir='ltr'>crines</span> <span class='ocrx_word' id='word_1_109' title='bbox 665 2057 829 2136; x_wconf 89' lang='lat' dir='ltr'>mollisque</span> <span class='ocrx_word' id='word_1_110' title='bbox 851 2056 971 2114; x_wconf 69' lang='lat' dir='ltr'>decorae</span> 
     </span>
     <span class='ocr_line' id='line_1_17' title="bbox 218 2152 1136 2232; baseline 0 -22"><span class='ocrx_word' id='word_1_111' title='bbox 218 2153 326 2231; x_wconf 82' lang='lat' dir='ltr'>Margo</span> <span class='ocrx_word' id='word_1_112' title='bbox 347 2157 467 2212; x_wconf 80' lang='lat' dir='ltr'>comae?</span> <span class='ocrx_word' id='word_1_113' title='bbox 491 2154 616 2212; x_wconf 86' lang='lat' dir='ltr'>Blandis</span> <span class='ocrx_word' id='word_1_114' title='bbox 638 2154 763 2212; x_wconf 87' lang='lat' dir='ltr'>ubinam</span> <span class='ocrx_word' id='word_1_115' title='bbox 787 2174 838 2211; x_wconf 90' lang='lat' dir='ltr'>ora</span> <span class='ocrx_word' id='word_1_116' title='bbox 861 2161 968 2231; x_wconf 86' lang='lat' dir='ltr'>arguta</span> <span class='ocrx_word' id='word_1_117' title='bbox 991 2152 1136 2232; x_wconf 70' lang='lat' dir='ltr'>quereliS,</span> 
     </span>
     <span class='ocr_line' id='line_1_18' title="bbox 218 2250 1005 2330; baseline -0.001 -23"><span class='ocrx_word' id='word_1_118' title='bbox 218 2250 391 2330; x_wconf 86' lang='lat' dir='ltr'>Osculaque</span> <span class='ocrx_word' id='word_1_119' title='bbox 412 2252 553 2330; x_wconf 87' lang='lat' dir='ltr'>impliciti</span> <span class='ocrx_word' id='word_1_120' title='bbox 576 2272 689 2310; x_wconf 89' lang='lat' dir='ltr'>vernos</span> <span class='ocrx_word' id='word_1_121' title='bbox 711 2250 881 2308; x_wconf 86' lang='lat' dir='ltr'>redolentia</span> <span class='ocrx_word' id='word_1_122' title='bbox 904 2251 1005 2321; x_wconf 78' lang='lat' dir='ltr'>floreS,</span> 
     </span>
     <span class='ocr_line' id='line_1_19' title="bbox 219 2347 999 2427; baseline 0.001 -24"><span class='ocrx_word' id='word_1_123' title='bbox 219 2347 258 2404; x_wconf 82' lang='lat' dir='ltr'>Et</span> <span class='ocrx_word' id='word_1_124' title='bbox 273 2348 374 2406; x_wconf 75' lang='lat' dir='ltr'>mixtae</span> <span class='ocrx_word' id='word_1_125' title='bbox 396 2348 457 2406; x_wconf 90' lang='lat' dir='ltr'>risu</span> <span class='ocrx_word' id='word_1_126' title='bbox 480 2348 613 2406; x_wconf 85' lang='lat' dir='ltr'>lacrimae</span> <span class='ocrx_word' id='word_1_127' title='bbox 637 2348 822 2427; x_wconf 89' lang='lat' dir='ltr'>penitusque</span> <span class='ocrx_word' id='word_1_128' title='bbox 845 2347 999 2426; x_wconf 87' lang='lat' dir='ltr'>loquentis</span> 
     </span>
     <span class='ocr_line' id='line_1_20' title="bbox 219 2443 1010 2523; baseline -0.001 -22"><span class='ocrx_word' id='word_1_129' title='bbox 219 2443 355 2523; x_wconf 70' lang='lat' dir='ltr'>Hyblaeis</span> <span class='ocrx_word' id='word_1_130' title='bbox 377 2466 437 2502; x_wconf 82' lang='lat' dir='ltr'>vox</span> <span class='ocrx_word' id='word_1_131' title='bbox 459 2445 554 2504; x_wconf 87' lang='lat' dir='ltr'>tincta</span> <span class='ocrx_word' id='word_1_132' title='bbox 577 2445 679 2502; x_wconf 80' lang='lat' dir='ltr'>favis?</span> <span class='ocrx_word' id='word_1_133' title='bbox 701 2444 750 2501; x_wconf 89' lang='lat' dir='ltr'>cui</span> <span class='ocrx_word' id='word_1_134' title='bbox 774 2443 861 2501; x_wconf 86' lang='lat' dir='ltr'>sibila</span> <span class='ocrx_word' id='word_1_135' title='bbox 885 2464 1010 2522; x_wconf 85' lang='lat' dir='ltr'>serpens</span> 
     </span>
     <span class='ocr_line' id='line_1_21' title="bbox 219 2541 956 2600; baseline 0.001 -2"><span class='ocrx_word' id='word_1_136' title='bbox 219 2541 350 2599; x_wconf 86' lang='lat' dir='ltr'>Poneret</span> <span class='ocrx_word' id='word_1_137' title='bbox 372 2550 401 2599; x_wconf 86' lang='lat' dir='ltr'>et</span> <span class='ocrx_word' id='word_1_138' title='bbox 422 2563 512 2600; x_wconf 84' lang='lat' dir='ltr'>saevae</span> <span class='ocrx_word' id='word_1_139' title='bbox 534 2541 649 2598; x_wconf 88' lang='lat' dir='ltr'>vellent</span> <span class='ocrx_word' id='word_1_140' title='bbox 671 2541 784 2598; x_wconf 87' lang='lat' dir='ltr'>servire</span> <span class='ocrx_word' id='word_1_141' title='bbox 807 2561 956 2600; x_wconf 81' lang='lat' dir='ltr'>novercae.</span> 
     </span>
     <span class='ocr_line' id='line_1_22' title="bbox 218 2636 976 2716; baseline -0.001 -21"><span class='ocrx_word' id='word_1_142' title='bbox 218 2638 292 2704; x_wconf 88' lang='lat' dir='ltr'>Quis</span> <span class='ocrx_word' id='word_1_143' title='bbox 314 2645 365 2696; x_wconf 90' lang='lat' dir='ltr'>tua</span> <span class='ocrx_word' id='word_1_144' title='bbox 387 2639 549 2716; x_wconf 86' lang='lat' dir='ltr'>colloquiis</span> <span class='ocrx_word' id='word_1_145' title='bbox 573 2637 677 2695; x_wconf 86' lang='lat' dir='ltr'>hilaris</span> <span class='ocrx_word' id='word_1_146' title='bbox 700 2636 847 2694; x_wconf 91' lang='lat' dir='ltr'>mulcebit</span> <span class='ocrx_word' id='word_1_147' title='bbox 868 2637 976 2694; x_wconf 88' lang='lat' dir='ltr'>amatis</span> 
     </span>
     <span class='ocr_line' id='line_1_23' title="bbox 219 2733 1084 2813; baseline -0.002 -21"><span class='ocrx_word' id='word_1_148' title='bbox 219 2735 371 2793; x_wconf 76' lang='lat' dir='ltr'>Pectora?</span> <span class='ocrx_word' id='word_1_149' title='bbox 394 2735 462 2813; x_wconf 93' lang='lat' dir='ltr'>quis</span> <span class='ocrx_word' id='word_1_150' title='bbox 483 2756 571 2793; x_wconf 87' lang='lat' dir='ltr'>curas</span> <span class='ocrx_word' id='word_1_151' title='bbox 594 2735 767 2812; x_wconf 84' lang='lat' dir='ltr'>montisque</span> <span class='ocrx_word' id='word_1_152' title='bbox 789 2754 901 2792; x_wconf 88' lang='lat' dir='ltr'>arcana</span> <span class='ocrx_word' id='word_1_153' title='bbox 923 2733 1084 2791; x_wconf 86' lang='lat' dir='ltr'>remittet?</span> 
     </span>
     <span class='ocr_line' id='line_1_24' title="bbox 217 2830 1042 2910; baseline -0.004 -21"><span class='ocrx_word' id='word_1_154' title='bbox 217 2833 389 2890; x_wconf 79' lang='lat' dir='ltr'>Accensum</span> <span class='ocrx_word' id='word_1_155' title='bbox 409 2832 477 2910; x_wconf 93' lang='lat' dir='ltr'>quis</span> <span class='ocrx_word' id='word_1_156' title='bbox 500 2831 558 2888; x_wconf 94' lang='lat' dir='ltr'>bile</span> <span class='ocrx_word' id='word_1_157' title='bbox 580 2832 641 2888; x_wconf 88' lang='lat' dir='ltr'>fera</span> <span class='ocrx_word' id='word_1_158' title='bbox 665 2830 848 2910; x_wconf 79' lang='lat' dir='ltr'>famulisque</span> <span class='ocrx_word' id='word_1_159' title='bbox 871 2830 1042 2888; x_wconf 87' lang='lat' dir='ltr'>timendum</span> 
     </span>
     <span class='ocr_line' id='line_1_25' title="bbox 221 2926 946 3006; baseline -0.003 -19"><span class='ocrx_word' id='word_1_160' title='bbox 221 2929 327 2987; x_wconf 85' lang='lat' dir='ltr'>Leniet</span> <span class='ocrx_word' id='word_1_161' title='bbox 348 2929 527 3006; x_wconf 87' lang='lat' dir='ltr'>ardentique</span> <span class='ocrx_word' id='word_1_162' title='bbox 549 2929 634 2985; x_wconf 90' lang='lat' dir='ltr'>inse</span> <span class='ocrx_word' id='word_1_163' title='bbox 657 2928 801 2985; x_wconf 89' lang='lat' dir='ltr'>deflectet</span> <span class='ocrx_word' id='word_1_164' title='bbox 821 2926 859 2985; x_wconf 92' lang='lat' dir='ltr'>ab</span> <span class='ocrx_word' id='word_1_165' title='bbox 882 2927 946 2985; x_wconf 79' lang='lat' dir='ltr'>ira?</span> 
     </span>
     <span class='ocr_line' id='line_1_26' title="bbox 220 3022 1008 3104; baseline -0.003 -21"><span class='ocrx_word' id='word_1_166' title='bbox 220 3027 361 3103; x_wconf 88' lang='lat' dir='ltr'>Inceptas</span> <span class='ocrx_word' id='word_1_167' title='bbox 383 3025 451 3104; x_wconf 90' lang='lat' dir='ltr'>quis</span> <span class='ocrx_word' id='word_1_168' title='bbox 473 3026 510 3083; x_wconf 90' lang='lat' dir='ltr'>ab</span> <span class='ocrx_word' id='word_1_169' title='bbox 533 3045 584 3082; x_wconf 88' lang='lat' dir='ltr'>ore</span> <span class='ocrx_word' id='word_1_170' title='bbox 607 3025 699 3102; x_wconf 90' lang='lat' dir='ltr'>dapes</span> <span class='ocrx_word' id='word_1_171' title='bbox 722 3023 877 3103; x_wconf 89' lang='lat' dir='ltr'>libataque</span> <span class='ocrx_word' id='word_1_172' title='bbox 900 3022 971 3081; x_wconf 90' lang='lat' dir='ltr'>vina</span> <span class='ocrx_word' id='word_1_173' title='bbox 1005 3066 1008 3072; x_wconf 72' lang='lat'>‚</span> 
     </span>
     <span class='ocr_line' id='line_1_27' title="bbox 220 3120 945 3199; baseline -0.001 -19"><span class='ocrx_word' id='word_1_174' title='bbox 220 3124 347 3180; x_wconf 85' lang='lat' dir='ltr'>Auferet</span> <span class='ocrx_word' id='word_1_175' title='bbox 367 3131 396 3180; x_wconf 86' lang='lat' dir='ltr'>et</span> <span class='ocrx_word' id='word_1_176' title='bbox 419 3121 501 3180; x_wconf 88' lang='lat' dir='ltr'>dulci</span> <span class='ocrx_word' id='word_1_177' title='bbox 524 3121 660 3179; x_wconf 91' lang='lat' dir='ltr'>turbabit</span> <span class='ocrx_word' id='word_1_178' title='bbox 681 3128 791 3178; x_wconf 89' lang='lat' dir='ltr'>cuncta</span> <span class='ocrx_word' id='word_1_179' title='bbox 814 3120 920 3199; x_wconf 89' lang='lat' dir='ltr'>rapina</span> <span class='ocrx_word' id='word_1_180' title='bbox 931 3121 945 3179; x_wconf 79' lang='lat' dir='ltr'>‘f</span> 
     </span>
     <span class='ocr_line' id='line_1_28' title="bbox 220 3219 989 3296; baseline 0 -20"><span class='ocrx_word' id='word_1_181' title='bbox 220 3219 295 3286; x_wconf 83' lang='lat' dir='ltr'>Quis</span> <span class='ocrx_word' id='word_1_182' title='bbox 314 3219 483 3277; x_wconf 86' lang='lat' dir='ltr'>matutinos</span> <span class='ocrx_word' id='word_1_183' title='bbox 504 3219 665 3296; x_wconf 86' lang='lat' dir='ltr'>abrumpet</span> <span class='ocrx_word' id='word_1_184' title='bbox 687 3238 843 3275; x_wconf 88' lang='lat' dir='ltr'>murmure</span> <span class='ocrx_word' id='word_1_185' title='bbox 865 3239 989 3276; x_wconf 85' lang='lat' dir='ltr'>somnos</span> 
     </span>
     <span class='ocr_line' id='line_1_29' title="bbox 222 3311 998 3393; baseline -0.001 -20"><span class='ocrx_word' id='word_1_186' title='bbox 222 3316 387 3393; x_wconf 90' lang='lat' dir='ltr'>Impositus</span> <span class='ocrx_word' id='word_1_187' title='bbox 407 3315 521 3387; x_wconf 78' lang='lat' dir='ltr'>stratis,</span> <span class='ocrx_word' id='word_1_188' title='bbox 546 3315 708 3393; x_wconf 80' lang='lat' dir='ltr'>abitusque</span> <span class='ocrx_word' id='word_1_189' title='bbox 731 3311 903 3372; x_wconf 88' lang='lat' dir='ltr'>morabitur</span> <span class='ocrx_word' id='word_1_190' title='bbox 924 3315 998 3372; x_wconf 89' lang='lat' dir='ltr'>artis</span> 
     </span>
     <span class='ocr_line' id='line_1_30' title="bbox 221 3410 1106 3490; baseline -0.001 -20"><span class='ocrx_word' id='word_1_191' title='bbox 221 3412 367 3484; x_wconf 58' lang='lat' dir='ltr'>flexibus</span> <span class='ocrx_word' id='word_1_192' title='bbox 391 3411 490 3490; x_wconf 89' lang='lat' dir='ltr'>adque</span> <span class='ocrx_word' id='word_1_193' title='bbox 512 3411 595 3489; x_wconf 91' lang='lat' dir='ltr'>ipsos</span> <span class='ocrx_word' id='word_1_194' title='bbox 616 3410 774 3468; x_wconf 86' lang='lat' dir='ltr'>revocabit</span> <span class='ocrx_word' id='word_1_195' title='bbox 793 3410 830 3469; x_wconf 86' lang='lat' dir='ltr'>ad</span> <span class='ocrx_word' id='word_1_196' title='bbox 854 3410 958 3468; x_wconf 87' lang='lat' dir='ltr'>oscula</span> <span class='ocrx_word' id='word_1_197' title='bbox 979 3411 1106 3488; x_wconf 82' lang='lat' dir='ltr'>postes?</span> 
     </span>
     <span class='ocr_line' id='line_1_31' title="bbox 221 3507 1022 3586; baseline -0.005 -18"><span class='ocrx_word' id='word_1_198' title='bbox 221 3508 340 3568; x_wconf 91' lang='lat' dir='ltr'>Obvius</span> <span class='ocrx_word' id='word_1_199' title='bbox 361 3507 488 3565; x_wconf 89' lang='lat' dir='ltr'>intranti</span> <span class='ocrx_word' id='word_1_200' title='bbox 510 3527 614 3565; x_wconf 85' lang='lat' dir='ltr'>rursus</span> <span class='ocrx_word' id='word_1_201' title='bbox 634 3507 702 3585; x_wconf 92' lang='lat' dir='ltr'>quis</span> <span class='ocrx_word' id='word_1_202' title='bbox 724 3507 755 3563; x_wconf 93' lang='lat' dir='ltr'>in</span> <span class='ocrx_word' id='word_1_203' title='bbox 778 3527 830 3564; x_wconf 90' lang='lat' dir='ltr'>ora</span> <span class='ocrx_word' id='word_1_204' title='bbox 853 3527 1022 3586; x_wconf 87' lang='lat' dir='ltr'>manusque</span> 
     </span>
     <span class='ocr_line' id='line_1_32' title="bbox 222 3601 1085 3682; baseline -0.002 -18"><span class='ocrx_word' id='word_1_205' title='bbox 222 3605 365 3664; x_wconf 90' lang='lat' dir='ltr'>Prosiliet</span> <span class='ocrx_word' id='word_1_206' title='bbox 385 3603 591 3682; x_wconf 88' lang='lat' dir='ltr'>brevibusque</span> <span class='ocrx_word' id='word_1_207' title='bbox 615 3624 736 3662; x_wconf 90' lang='lat' dir='ltr'>umeros</span> <span class='ocrx_word' id='word_1_208' title='bbox 759 3602 961 3662; x_wconf 84' lang='lat' dir='ltr'>circumdabit</span> <span class='ocrx_word' id='word_1_209' title='bbox 983 3601 1085 3662; x_wconf 79' lang='lat' dir='ltr'>ulnis?</span> 
     </span>
     <span class='ocr_line' id='line_1_33' title="bbox 223 3699 966 3779; baseline -0.004 -19"><span class='ocrx_word' id='word_1_210' title='bbox 223 3703 308 3761; x_wconf 87' lang='lat' dir='ltr'>Muta</span> <span class='ocrx_word' id='word_1_211' title='bbox 331 3701 440 3760; x_wconf 92' lang='lat' dir='ltr'>domus</span> <span class='ocrx_word' id='word_1_212' title='bbox 462 3708 523 3759; x_wconf 89' lang='lat' dir='ltr'>stat</span> <span class='ocrx_word' id='word_1_213' title='bbox 545 3721 596 3759; x_wconf 88' lang='lat' dir='ltr'>oro</span> <span class='ocrx_word' id='word_1_214' title='bbox 618 3699 807 3778; x_wconf 84' lang='lat' dir='ltr'>desolatique</span> <span class='ocrx_word' id='word_1_215' title='bbox 830 3708 966 3779; x_wconf 65' lang='lat' dir='ltr'>penates</span> 
     </span>
     <span class='ocr_line' id='line_1_34' title="bbox 226 3796 1050 3857; baseline -0.002 -1"><span class='ocrx_word' id='word_1_216' title='bbox 226 3799 262 3856; x_wconf 84' lang='lat' dir='ltr'>Et</span> <span class='ocrx_word' id='word_1_217' title='bbox 283 3798 361 3857; x_wconf 89' lang='lat' dir='ltr'>situs</span> <span class='ocrx_word' id='word_1_218' title='bbox 382 3797 414 3856; x_wconf 94' lang='lat' dir='ltr'>in</span> <span class='ocrx_word' id='word_1_219' title='bbox 436 3797 578 3856; x_wconf 83' lang='lat' dir='ltr'>thalamis</span> <span class='ocrx_word' id='word_1_220' title='bbox 600 3805 629 3855; x_wconf 89' lang='lat' dir='ltr'>ct</span> <span class='ocrx_word' id='word_1_221' title='bbox 651 3806 755 3856; x_wconf 75' lang='lat' dir='ltr'>maesta</span> <span class='ocrx_word' id='word_1_222' title='bbox 778 3797 899 3855; x_wconf 87' lang='lat' dir='ltr'>silentia</span> <span class='ocrx_word' id='word_1_223' title='bbox 920 3796 1050 3855; x_wconf 85' lang='lat' dir='ltr'>mensisl</span> 
     </span>
    </p>
   </div>
   <div class='ocr_carea' id='block_1_6' title="bbox 663 3959 764 4007">
    <p class='ocr_par' dir='ltr' id='par_1_7' title="bbox 663 3959 764 4007">
     <span class='ocr_line' id='line_1_35' title="bbox 663 3959 764 4007; baseline 0 -11"><span class='ocrx_word' id='word_1_224' title='bbox 663 3959 764 4007; x_wconf 76' lang='lat'>-2.</span> 
     </span>
    </p>
   </div>
   <div class='ocr_carea' id='block_1_7' title="bbox 0 0 1345 4252">
    <p class='ocr_par' dir='ltr' id='par_1_8' title="bbox 0 0 1345 4252">
     <span class='ocr_line' id='line_1_36' title="bbox 0 0 1345 4252; baseline 0 0"><span class='ocrx_word' id='word_1_225' title='bbox 0 0 1345 4252; x_wconf 95' lang='lat' dir='ltr'> </span> 
     </span>
    </p>
   </div>
  </div>
 </body>
</html>
