2656 4258
229 193 309 250 130.
330 195 606 251 Contentement
624 208 738 264 passe
758 195 935 254 richesse.

264 296 399 372 (Quanto
421 297 540 358 divitiis
560 298 714 382 gaudium
730 301 891 382 praestet.)

115 454 249 530 Divitias
271 455 349 515 alius
370 455 457 515 fulvo
480 457 538 516 sibi
558 464 705 536 congerat
726 477 812 532 auro,

104 603 107 608 Δ
154 551 194 610 Et
215 558 319 612 teneat
340 553 415 612 culti
434 553 544 634 jugera
566 555 663 614 multa
685 554 764 632 soli„

102 647 212 719 ‚Quem
234 648 321 708 labor
341 649 489 710 adsiduus
510 651 614 710 vicino
636 646 750 710 terreat
771 651 870 724 hoste,
948 651 950 656 ’

154 745 267 804 Martia
288 746 338 805 cui
360 767 485 806 somnos
507 739 634 806 classica
655 748 743 828 pulsa
765 748 874 825 fugent
896 765 904 810 τ

10 899 11 910 ἶ
114 841 166 901 Me
187 862 255 902 mea
277 852 442 923 paupertas
463 844 527 902 vita
567 843 711 904 traducat
731 844 834 916 inerti,

153 939 237 1022 Dum
258 961 345 999 meus
367 940 497 1000 adsiduo
519 941 624 1000 luceat
642 941 713 1019 igne
734 942 834 1002 focus.

115 1036 184 1115 lpse
206 1056 305 1095 seram
328 1044 449 1096 teneras
471 1046 592 1096 maturo
614 1043 754 1118 tempore
775 1038 855 1096 vites

153 1133 312 1207 Rusticus
336 1141 367 1192 et
387 1134 470 1193 sacili
492 1135 617 1212 grandia
641 1155 731 1214 poma
753 1141 858 1194 manu,

113 1231 179 1288 Nec
199 1230 275 1310 Spes
297 1231 454 1302 destituat,
479 1232 530 1290 sed
555 1232 677 1310 frugum
699 1252 821 1311 semper
842 1252 968 1292 acervos

154 1327 314 1400 Praebeat,
338 1335 369 1400 et
390 1329 482 1408 pleno
504 1329 631 1407 pinguia
652 1321 754 1387 musta
776 1329 858 1389 lacu.

10 1459 12 1492 ς
110 1425 191 1482 Nam
215 1444 354 1497 veneror,
379 1446 432 1483 seu
454 1425 549 1504 stipes
571 1425 665 1484 habet
684 1418 824 1484 desertus
846 1425 878 1484 in
900 1425 1011 1505 agris,‘

153 1521 214 1579 Seu
237 1529 327 1580 vetus
348 1521 380 1580 in
401 1522 495 1580 trivio
516 1523 610 1580 ssorea
632 1528 712 1580 serta
734 1522 843 1601 lapis:
865 1533 875 1562 l
913 1519 915 1522 ¹

10 1653 12 1696 2
100 1618 152 1675 'Et
174 1618 393 1698 quodcumque
415 1619 490 1676 mihi
512 1639 638 1698 pomum
660 1639 758 1678 novus
781 1618 893 1678 educat
914 1635 1025 1692 annus,

154 1714 298 1773 Libatum
321 1715 471 1793 agricolae
492 1715 620 1794 ponitur
640 1723 711 1774 ante
732 1715 801 1775 dec.

110 1811 178 1868 Vos
200 1802 336 1891 queque,
360 1811 459 1870 felicis
481 1812 647 1891 quondam,
672 1832 756 1870 nunc
778 1811 934 1890 pauperis,
959 1813 1024 1889 agri
1091 1821 1093 1826 ’
1142 1799 1159 1824 ⁸

153 1908 319 1990 Custodes,
342 1908 429 1966 fertis
450 1929 577 1966 munera
599 1915 711 1977 vestra,
736 1909 838 1967 Lares.

10 2025 11 2086 3
111 2003 180 2063 Nec
201 2011 304 2064 tamen
326 2005 479 2064 interdum
501 2006 618 2084 pudeat
637 2005 772 2063 tenuisse
794 2004 962 2068 bidentem,

151 2103 221 2168 Aut
240 2102 365 2160 stimulo
387 2102 491 2161 tardos
514 2101 846 2181 increpuisse.b0veS,'

111 2199 185 2257 Non
207 2187 356 2276 agnamve
378 2199 445 2256 sinu
470 2199 573 2278 pigeat
594 2199 731 2256 fetumve
753 2196 887 2277 capellae

153 2295 329 2369 Desertum,
354 2295 448 2354 oblita
470 2303 577 2366 matre,
602 2295 714 2354 referre
736 2295 873 2353 domum.

110 2392 243 2465 adsitis,
267 2392 341 2461 divi,
366 2413 422 2450 nec
444 2413 499 2450 vos
521 2414 537 2450 e
560 2413 693 2472 paupere
715 2412 819 2450 mensa

153 2490 254 2563 Dona,
280 2480 373 2548 nec'e
396 2489 481 2569 puris
503 2490 638 2568 spernite
660 2488 816 2549 fictilibus.

243 2696 323 2777 131.
344 2715 567 2776 L’eeonomie
587 2717 658 2781 fait
677 2718 716 2774 la
734 2683 923 2791 richesae..

244 2837 246 2872 ἰ
282 2821 435 2904 ·(Divites
456 2829 529 2881 sunt
551 2820 720 2904 qui'sruqi
738 2821 837 2902 sunt.)
858 2867 859 2872 κ

111 2981 139 3042 Ο
173 2980 464 3067 diilimmortalesl
500 3001 561 3039 non
595 2980 780 3058 intellegunt
806 2979 945 3052 homines
983 2999 1075 3059 quam
1105 2989 1144 3053 2⁰

73 3097 220 3155 magnum
236 3076 366 3165 vectigal
378 3077 418 3134 sit
429 3077 625 3156 parsimonia.
648 3077 736 3158 Capit
754 3077 804 3136 ille
820 3097 857 3135 cx
872 3076 940 3157 suis
950 3075 1087 3155 praediis

10 3197 11 3236 l
74 3183 215 3233 sescenta
236 3174 386 3246 sestertia,
405 3195 460 3251 ego
480 3181 609 3234 centena
629 3195 666 3233 ex
685 3174 785 3234 meis:
805 3173 849 3231 illi
869 3180 973 3232 aurata
997 3173 1105 3236 tecta.

78 3269 108 3326 in
143 3270 225 3328 villis
252 3277 283 3328 et
307 3252 370 3328 sola
396 3291 569 3329 marmorea
596 3270 732 3344 facienti,
763 3277 794 3328 et
820 3270 917 3346 signa,
944 3268 1088 3350 tabulas,¹

74 3366 307 3446 supellectilem,
324 3374 356 3426 et
369 3374 485 3425 vestem
510 3366 629 3424 infinite
651 3366 892 3446 concupiscenti,
908 3385 970 3424 non
984 3366 1076 3425 modo

75 3463 112 3521 ad
126 3464 263 3522 fructum
278 3462 327 3522 ille
340 3470 386 3522 est
400 3471 553 3543 sumptus,
569 3463 621 3525 sed
637 3463 727 3522 etiarn
743 3462 781 3521 ad
795 3462 911 3533 faenus,
925 3463 1074 3540 exiguus3

74 3578 111 3617 ex
130 3581 201 3618 meo
225 3560 310 3618 tenui
330 3547 483 3638 vectigali,
517 3560 662 3619 detractis
682 3560 857 3640 sumptibus
885 3555 1075 3638 cupiditatis,

74 3655 193 3738 aliquid
208 3656 300 3715 etiam
312 3656 506 3716 redundabit.
532 3657 608 3715 Uter
624 3657 718 3736 igitur
735 3664 781 3715 est
793 3656 896 3729 ditior,
919 3657 968 3715 cui
980 3655 1074 3726 deest,

10 3777 12 3820 l
73 3772 113 3810 an
128 3753 179 3812 cui
192 3755 336 3832 superat?
348 3754 489 3834 quieget,
507 3774 545 3812 an
567 3753 621 3834 qui
643 3751 803 3811 abundat?
818 3753 906 3832 cujus
923 3754 1086 3832 possessio¹

505 3953 541 3980 x
559 3929 656 3992 aaa·
