2656 4258
648 149 696 185 RES
718 148 827 184 Faunus
856 166 858 174 ›

275 258 318 316 Ut
340 257 427 329 solet,
446 257 598 332 'attonitas
619 277 689 316 cum
712 259 789 337 petit
811 258 862 317 illa
884 259 974 317 leraS.

185 354 573 438 .:2³‚1=Huiodec9tinssatns
594 354 661 413 laxe
679 355 813 432 jacuisse
834 354 962 434 capillos
985 373 993 415 t

275 450 330 509 Illa
352 451 392 508 sit
413 450 567 524 adstrictis
590 451 785 530 impedienda
807 451 913 511 comis.

237 547 325 605 Hanc
346 547 447 626 placet
468 547 570 606 ornari
594 547 747 606 testudine
770 546 914 626 Cyllenea
939 565 945 606 :
1043 589 1050 618 ,

275 643 432 722 Sustineat
453 643 567 703 similes
592 643 736 703 fluctibus
758 643 808 701 illa
830 644 925 702 sinus.
1044 622 1049 638 ⁸

234 739 296 798 Sed
318 761 417 819 neque
432 760 558 798 ⁴ramosa
579 739 753 798 numerabis
776 739 806 797 in
829 739 897 798 ilice
918 738 1055 816 glandes,
1142 757 1144 762 ’

276 837 339 894 Nec
360 845 437 916 quot
453 856 530 916 apes
553 835 664 914 Hyble,
688 857 744 895 nec
766 844 842 915 quot
862 837 894 893 in
916 835 993 914 Alpe
1016 835 1099 905 serae,

236 933 301 991 Nec
322 932 397 991 mihi
419 939 469 998 tot*
486 931 587 992 cultus
610 953 737 992 numero
760 933 979 1012 comprendere
1002 931 1047 990 las
1068 936 1117 989 est
1140 949 1146 990 :
1174 967 1177 974 ·

203 1073 204 1076 η
275 1029 392 1107 Adjicit
413 1036 540 1088 ornatus
562 1029 701 1108 proxima
722 1047 852 1108 quaeque
873 1028 956 1088 dies,

237 1125 277 1183 Et
297 1125 435 1203 neglecta
457 1126 544 1202 decet
566 1127 677 1184 multas
699 1146 784 1184 coma
809 1143 815 1185 :
839 1145 919 1204 saepe
938 1125 1039 1204 jacere

278 1223 460 1281 Hesternam
482 1221 599 1296 credas,
629 1222 679 1280 illa
694 1243 806 1302 repexa
828 1220 921 1281 modo
944 1228 1001 1280 est.

239 1485 321 1541 161.
337 1485 441 1542 L’art
469 1486 513 1542 de
538 1457 689 1546 sim‘uler
715 1486 752 1541 et
777 1485 822 1540 de
850 1482 1062 1541 dissimuler
1081 1483 1170 1541 chen
1184 1483 1250 1541 les

655 1573 817 1629 remanes.

297 1684 467 1765 (Quomodo
481 1706 538 1746 sua
552 1684 700 1745 simulent
725 1684 986 1766 dissimulantque
1009 1683 1181 1762 mulieres.)

171 1843 213 1907 3ο
238 1845 268 1903 Si
291 1845 393 1903 brevis
414 1864 456 1916 es,
480 1845 596 1914 sedca'S,
621 1865 657 1903 ne
680 1852 762 1903 stans
784 1844 908 1918 videare
930 1843 1046 1917 sedere,

278 1942 374 2020 lnque
397 1948 450 1999 tuo
469 1941 571 2020 jaceas
593 1941 873 2022 quantulacumque
896 1947 974 2000 toro.

239 2037 298 2095 Hic
319 2057 452 2117 quoquc,
477 2057 514 2095 ne
536 2038 633 2116 possit
648 2038 712 2094 lieri
734 2057 877 2119 mensura
899 2037 1051 2109 cubantia,

279 2134 394 2213 lnjecta
417 2133 601 2192 lateantsac
622 2133 678 2190 tibi
700 2141 786 2192 veste
808 2133 912 2214 pedes

237 2229 312 2296 Quae
335 2230 463 2287 nimium
485 2229 619 2307 gracilis,
642 2229 734 2309 pleno
757 2229 908 2288 velamina
931 2229 981 2288 filo
1080 2295 1082 2301 ¹

278 2327 396 2398 Sumsit,
425 2333 513 2384 etex
535 2326 647 2384 umeris
668 2326 753 2384 laxus
776 2327 909 2385 amictus¹
927 2335 986 2386 eat.

239 2421 355 2482 Pallida
377 2423 660 2504 purpureistingat
681 2443 735 2480 sua
757 2423 1002 2502 corporavirgis
1026 2439 1033 2482 :

278 2518 410 2595 Nigrior,
435 2519 472 2578 ad
495 2519 596 2577 Pharii
618 2519 750 2597 confuge
772 2520 867 2598 piscis
889 2541 990 2598 opem.

239 2615 357 2692 Exiguo
379 2615 479 2693 signet
500 2622 587 2693 gestu
609 2615 826 2696 quodcumque
847 2617 1003 2696 loquetur,

278 2711 335 2790 Cui
357 2711 446 2789 digiti
468 2712 596 2792 pingues
618 2719 649 2771 et
670 2713 776 2772 scaber
797 2713 909 2792 unguis
931 2719 1032 2774 crunt.
1065 2725 1071 2738 ·

237 2808 270 2868 Si
292 2809 388 2886 niger,
411 2816 465 2867 aut
484 2810 602 2887 ingena,
626 2818 760 2869 autnon
782 2810 840 2869 erit
861 2809 969 2868 ordine
990 2817 1081 2870 natus
1152 2861 1156 2868 .

240 2910 243 2956 l
279 2905 361 2964 Dens
383 2905 450 2979 tibi,
474 2906 602 2964 ridendo
624 2906 756 2964 maxim'a
777 2907 888 2965 damna
910 2906 1000 2966 fereS.

237 3003 313 3070 Quis
335 3003 464 3060 credat?
486 3002 616 3063 discunt,
631 3003 722 3061 etiam
745 2986 844 3061 ridere
865 3003 975 3083 puellae
1000 3021 1006 3061 :

278 3100 432 3167 Quaeritur
453 3105 544 3178 atque
565 3099 624 3158 illis
646 3100 703 3158 hac
725 3119 847 3179 quoque
869 3105 955 3178 parte
977 3098 1080 3158 decor.

238 3197 307 3255 Sint
329 3194 441 3254 modici
461 3195 567 3266 rictuS,
592 3196 654 3254 sint
675 3216 778 3274 parvae
806 3196 960 3276 utrimque
981 3181 1109 3268 lacunte,
1135 3194 1142 3198 „

278 3293 317 3351 Et
338 3292 601 3351 summosdentes
623 3293 682 3350 ima
705 3292 814 3350 labella
838 3299 953 3371 tegant.

205 3457 206 3462 η
239 3389 302 3448 Nec
324 3411 377 3448 sua
399 3388 759 3468 perpetuocontendant
780 3389 832 3448 ilia
853 3389 916 3448 risu
941 3407 947 3449 2

278 3484 338 3543 Sed
359 3485 425 3544 leve
447 3486 550 3545 nescio
573 3484 646 3564 quid
669 3485 898 3566 femineumque
919 3492 1039 3547 sonent.

237 3581 306 3648 Quo
328 3601 390 3640 non
418 3602 465 3640 ars
494 3585 659 3662 penetrat?
680 3582 812 3641 Discunt
833 3583 992 3641 lacrimare
1020 3583 1183 3643 decenter·

278 3677 406 3758 Quoque
429 3679 538 3737 volunt
559 3678 683 3758 plorant
704 3685 852 3758 tempore,
877 3700 999 3759 quoque
1023 3679 1125 3739 modoss

661 3849 818 3916 -irz‘-
