2656 4258
231 125 309 183 185.
329 126 455 184 Drolts
474 128 523 183 du
540 127 636 184 meri
659 139 725 183 eur
743 127 782 182 la
801 126 940 182 femme.

254 230 342 308 (Quae
363 229 426 290 sint
449 229 557 290 mariti
577 229 609 289 in
630 231 796 312 conjupem
811 229 916 311 jura.)

124 386 182 454 Qui
210 386 249 446 de
272 387 358 446 victu
382 395 474 468 atque
498 389 583 447 cultu
604 387 712 467 populi
739 387 856 446 romani
881 387 1081 466 scripserunt,
1110 386 1150 450 3⁰

89 484 226 542 mulieres
246 484 353 543 Romae
375 490 467 564 atque
487 485 518 542 in
540 485 625 544 Latio
646 490 767 543 aetatem
790 483 952 543 abstemias
973 484 1081 562 egisse,

87 579 143 638 hoc
158 589 215 647 est,
232 581 306 638 vino
326 601 457 661 semper,
474 581 557 660 quod
573 589 719 639 temetum
739 581 837 660 prisca
858 581 961 658 lingua
979 579 1085 659 appel-

86 675 220 748 labatur,
246 677 429 736 abstinuisse
457 677 565 736 dieunt
588 695 595 736 :
625 677 861 756 institutumque
888 684 922 735 ut
945 676 1084 754 cognatis

86 772 224 832 osculum
249 773 364 832 ferrent
388 773 632 852 reprehendendi
657 794 757 845 causa,
781 781 816 832 ut
840 773 917 831 odor
937 772 1083 831 indicium

86 869 200 928 laceret
221 870 246 928 si
269 870 427 930 bibissent.
450 864 561 929 Bibere
584 879 686 929 autem
706 870 810 929 solitas
831 870 934 928 lerunt
955 869 1081 938 lorcam,

13 951 14 1008 l
86 987 220 1045 passum,
237 967 415 1038 murrinam,
431 975 462 1025 et
478 988 547 1046 quae
562 967 592 1024 id
608 987 704 1045 genus
722 974 861 1050 epotant,¹
876 973 951 1046 potu
970 965 1082 1025 dulcia.

13 1013 16 1130 l
84 1065 186 1141 Atque
206 1062 272 1122 haec
293 1063 417 1143 quidem
441 1063 474 1121 in
498 1064 546 1136 iis,
569 1064 681 1142 quibus
705 1063 778 1136 dixi,
799 1063 885 1121 libris
904 1061 1084 1142 pervulgata

84 1167 171 1231 sunt3
197 1159 250 1218 sed
276 1159 319 1218 M.
344 1159 422 1218 Cato
443 1180 504 1218 non
526 1159 625 1218 solum
646 1161 846 1231 existimatos,
867 1159 920 1218 sed
940 1157 1083 1216 multatas

85 1276 208 1334 quoque
228 1277 244 1314 a
260 1255 363 1335 judice
375 1256 517 1315 mulieres
537 1257 631 1315 refert
650 1277 711 1315 non
726 1257 828 1315 rninus
845 1255 870 1315 si
885 1256 990 1314 vinum
1005 1255 1036 1312 in
1052 1274 1084 1312 se

83 1373 176 1430 quam
200 1353 224 1410 si
246 1353 392 1432 probrum
418 1353 656 1412 et'adulterium
681 1353 885 1414 admisissent.
913 1352 1013 1411 Verba
1038 1351 1082 1416 M.

13 1489 15 1502 .
85 1447 213 1506 Catonis
228 1449 377 1528 adscripsi
391 1469 428 1507 ex
441 1450 592 1522 oratione,
609 1470 678 1529 quae
700 1449 878 1509 inscribitur
892 1449 929 1507 de
946 1450 1036 1522 Dete,
1052 1448 1084 1505 in

13 1561 16 1680 p
83 1545 188 1624 quaid
204 1565 327 1624 quoque
342 1546 491 1624 scriptum
507 1553 563 1619 est,
578 1547 610 1605 in
626 1546 777 1606 adulterio
791 1567 901 1604 uxores
914 1545 1085 1624 deprehen-

13 1683 14 1718 ,
85 1662 133 1699 sas
143 1641 196 1721 jus
207 1641 301 1700 luisse
315 1643 431 1700 maritis
445 1663 554 1702 necare
570 1662 577 1703 ε
596 1667 610 1698 «
629 1643 694 1712 Vir,
709 1643 821 1723 inquit,
834 1643 890 1701 nisi
902 1663 972 1701 cum
983 1641 1086 1699 divor-

13 1719 15 1812 l
85 1738 163 1795 tium
180 1738 264 1806 lacit,
282 1737 401 1796 mulieri
414 1738 510 1816 judex
527 1760 582 1818 pro
603 1746 805 1810 censore·est;
826 1739 988 1818 imperium
1002 1737 1086 1816 quod
1106 1745 1108 1751 “

13 1819 15 1848 l
85 1833 219 1901 videtur,
243 1829 400 1904 habet;‘'si
426 1836 499 1918 quid
520 1855 662 1915 perverse
687 1842 835 1915 taetreque
859 1836 975 1894 factum
1001 1841 1085 1892 esta

13 1923 15 1986 l
84 1931 224 1995 muliere.
253 1931 415 2003 multatur,
447 1933 472 1990 si
500 1933 606 1990 vinum
636 1931 724 2004 bibit,
742 1932 767 1990 si
795 1953 865 1990 cum
895 1931 993 1990 alieno
1016 1931 1086 1988 viro

84 2028 189 2106 probri
200 2029 273 2108 quid
288 2028 369 2096 lecit,
382 2030 615 2088 condemnatur.
635 2053 649 2083 »
667 2029 712 2088 De
724 2029 794 2108 jure
809 2035 909 2087 autem
925 2026 1086 2086 occidendi

13 2107 15 2174 l
83 2124 297 2203 itaseriptum
318 2133 387 2184 est:
415 2150 428 2180 «
448 2127 482 2184 ln
504 2126 654 2184 adulterio
682 2146 808 2186 uxorem
830 2131 914 2183 tuam
936 2123 960 2182 si
978 2123 1087 2202 depre-

13 2175 15 2310 l
82 2218 255 2290 hendisseS,
282 2221 346 2284 sine
364 2221 483 2300 judicio
506 2223 631 2302 impune
654 2240 801 2282 necares:
827 2221 877 2281 illa
900 2229 940 2294 te,
964 2220 1087 2278 sivetu

13 2317 14 2328 ¹
83 2317 302 2390 adulterarere,
329 2317 427 2395 digito
456 2339 517 2377 non
540 2320 666 2378 auderet
691 2320 885 2398 contingere;
911 2337 1010 2398 neque
1034 2316 1088 2396 jus

82 2420 142 2472 est.
164 2437 180 2469 u

254 2546 334 2606 186.
356 2547 524 2617 supplice
544 2549 610 2606 des
630 2550 689 2606 fils
709 2551 753 2607 de
771 2550 922 2606 Brutus.

221 2651 279 2730 (De
300 2649 378 2732 filiis
399 2649 465 2710 suis
486 2652 677 2734 supplicium
698 2652 794 2713 sumit
813 2653 954 2734 BrutuS.)

122 2813 224 2872 Erant
238 2812 447 2892 injuventute
469 2834 594 2871 romana
611 2812 822 2871 adulescentes
842 2811 970 2891 aliquot,
987 2832 1042 2870 nee
1065 2812 1087 2871 ii
1114 2813 1154 2877 3⁶

80 2909 171 2968 tenui
194 2908 262 2967 loeo
284 2911 353 2984 orti,
386 2930 516 2989 quorum
541 2911 571 2967 in
593 2930 688 2986 regno
709 2909 803 2968 libido
826 2909 954 2966 solutior
975 2908 1085 2981 fuerat,

77 3005 199 3066 assueti
212 3024 298 3064 more
308 3009 394 3085 regio
408 3007 522 3066 vivere.
541 3007 613 3064 Eam
628 3014 705 3080 tum,
723 3013 844 3086 aequato
854 3005 923 3085 jure
938 3005 1085 3072 omnium,

75 3103 243 3162 licentiam
260 3112 445 3182 quaerenteS,
462 3104 499 3162 de
514 3103 702 3182 accipiendis
722 3102 799 3161 clam
818 3110 907 3160 nocte
924 3103 956 3160 in
974 3102 1087 3159 Urbem

13 3185 15 3234 i
74 3199 210 3279 regibus
239 3199 382 3259 collocuti
412 3207 493 3260 sunt.
518 3201 679 3258 Sermones
704 3220 808 3258 eorum
831 3220 867 3257 ex
894 3198 989 3256 servis
1008 3219 1088 3256 unus

73 3296 218 3376 excepit,
240 3317 366 3377 remque
381 3297 418 3356 ad
434 3295 574 3355 consules
594 3297 714 3356 detulit.
738 3296 912 3354 Proditores
933 3295 1088 3373 extemplo

72 3398 105 3454 in
122 3392 258 3452 vincula
271 3394 489 3474 conjiciuntur,
509 3400 727 3472 sumptumque
746 3392 928 3472 supplicium
942 3413 1089 3471 conspec-

71 3494 139 3554 tius
158 3510 199 3548 eo
217 3491 300 3568 quod
315 3511 415 3570 poenae
437 3489 594 3569 capiendae
617 3490 821 3548 ministerium
837 3489 915 3568 patri
930 3489 967 3546 de
985 3489 1088 3546 liberis

13 3667 14 3672 ἵ
70 3585 267 3651 consulatus
293 3587 451 3666 imposuit.
476 3585 605 3645 Stabant
628 3585 753 3665 deligati
776 3585 814 3644 ad
835 3586 939 3666 palum
962 3585 1088 3643 nobilis-

13 3707 15 3726 *
69 3688 146 3750 simi
167 3684 316 3765 juvenes.
341 3685 399 3743 Sed
426 3704 443 3743 a
467 3683 586 3756 ceteris,
611 3683 696 3742 velut
719 3683 756 3741 ab
783 3683 897 3761 ignotis
923 3681 1086 3762 capitibus,

13 3779 15 3864 l
112 3797 162 3838 Vie
184 3789 266 3842 priate
286 3788 323 3830 des
336 3789 444 3832 Romaias
1010 3785 1023 3826 9

510 3900 545 3910 -
565 3869 614 3922 129
634 3895 668 3908 -·

13 4019 20 4215 l
