2678 4250
11 3707 13 3802 l
119 3748 186 3807 nsi

11 257 13 274 ,
121 188 204 246 eoo.
224 184 357 244 merite
376 185 472 258 agal,
497 189 650 259 quoique
675 188 855 261 asserent,
876 192 942 248 ses
963 190 1122 249 arsisses

446 278 484 334 et
503 279 571 358 des
592 273 792 359 e'crivains.

167 519 331 602 (Quamvis
353 519 434 582 inter
454 543 486 583 se
508 520 677 584 dissimiles
698 521 772 597 sint,
795 521 955 584 consimili
975 529 1078 586 lamen

263 617 356 679 laude
376 617 513 701 artifices
535 618 763 704 scriptoresque
784 618 982 703 dipnantur.)
1152 615 1154 618 ’

160 1041 277 1101 Natura
299 1041 383 1102 nulla
402 1048 448 1102 est
467 1041 512 1122 (ut
530 1042 605 1101 mihi
628 1042 762 1123 videtur)
785 1064 852 1124 quae
875 1063 936 1102 non
955 1041 1067 1103 habeat
1083 1042 1115 1101 in
1129 1051 1186 1108 Νι,

118 1157 178 1196 suo
196 1158 309 1216 genere
330 1160 378 1198 res
395 1139 569 1218 complures
591 1139 754 1198 dissimiles
773 1139 854 1198 inter
870 1159 912 1212 se,
927 1159 996 1219 quse
1013 1147 1118 1198 tamen

115 1235 273 1293 consimili
286 1234 377 1295 laude
398 1235 574 1313 dignentur.
598 1236 674 1294 Nam
688 1244 718 1294 et
736 1236 860 1296 auribus
875 1236 972 1296 multa
990 1235 1121 1315 percipi·

119 1351 190 1389 mus
204 1352 285 1410 quae,
301 1331 358 1390 etsi
372 1352 428 1391 nos
442 1332 569 1391 vocibus
590 1331 754 1404 delectant,
773 1341 874 1392 tamen
891 1333 932 1391 ita
948 1338 1021 1392 sunt
1037 1331 1122 1390 varia

119 1447 215 1507 saepe,
241 1435 277 1486 ut
295 1428 326 1487 id
349 1428 432 1508 quod
453 1428 629 1509 proximum
650 1428 758 1488 audias
775 1428 1033 1508 jucundissimum
1056 1449 1122 1487 esse

119 1523 264 1583 videatur
280 1543 287 1584 :
304 1531 336 1582 et
349 1524 446 1584 oculis
458 1525 647 1602 colliguntur
660 1545 745 1604 paone
761 1525 999 1584 innumerabiles
1014 1525 1123 1604 volup·

117 1628 210 1692 tates,
239 1642 308 1702 quae
335 1641 391 1680 nos
418 1622 612 1701 itacapiunt
640 1630 674 1680 ut
706 1642 800 1680 unum
830 1643 952 1680 sensum
980 1621 1122 1681 dissimili

116 1737 231 1795 genere
244 1717 398 1777 delectent
415 1737 422 1778 ε
442 1724 473 1776 et
488 1717 622 1798 reliquos
639 1737 746 1777 sensus
771 1717 946 1797 voluptates
968 1718 1124 1778 oblectant

117 1813 269 1894 dispares,
286 1823 321 1875 ut
336 1815 377 1874 sit
393 1815 518 1874 difficile
535 1814 686 1894 judicium
702 1815 879 1874 excellentis
901 1815 1032 1874 maxime
1053 1836 1123 1874 sua-

117 1911 236 1970 vitatis.
256 1914 298 1971 At
313 1911 372 1972 hoc
390 1912 469 1970 idem
490 1912 573 1992 quod
587 1919 634 1970 est
648 1912 679 1970 in
696 1911 813 1970 naturis
831 1932 944 1984 rerum,
962 1912 1122 1972 transferri
1220 1902 1222 1908 ’

118 2014 223 2088 potest
241 2008 333 2068 etiam
355 2009 392 2067 ad
416 2017 506 2067 artes.
530 2007 595 2068 Una
615 2007 750 2085 fingendi
772 2015 819 2066 est
833 2029 891 2079 ars,
909 2009 940 2068 in
954 2029 1016 2089 qua
1028 2029 1122 2089 praes·

118 2112 220 2164 tentes
241 2105 368 2165 luerunt
396 2105 495 2185 Myro,
530 2105 716 2184 Polycletus,
747 2105 909 2184 Lysippus,
937 2105 991 2184 qui
1014 2120 1121 2165 omnes

118 2203 202 2260 inter
216 2223 247 2262 se
262 2201 426 2260 dissimiles
446 2203 586 2273 luerunt;
609 2201 661 2260 sed
677 2201 719 2260 ita
739 2209 842 2260 tamen
853 2203 900 2267 ,ut
912 2202 1054 2261 neminen
1074 2202 1121 2260 sui

118 2298 197 2356 velis
216 2319 282 2358 esse
302 2298 491 2359 dissimilem.
516 2298 583 2358 Una
598 2306 645 2357 est
662 2319 711 2357 ars
725 2298 864 2378 ratioque
879 2298 1019 2377 picturae,
1035 2297 1122 2356 dissi-

116 2395 302 2476 millimique
328 2403 428 2454 tamen
452 2395 534 2455 inter
554 2415 586 2454 se
615 2395 735 2467 Zeuxis,
753 2395 949 2474 Aglaophon,
973 2395 1120 2475 Apelles:

117 2512 221 2572 neque
237 2511 342 2552 eorum
354 2493 515 2572 quisquam
528 2499 585 2562 est,
598 2491 647 2551 cui
656 2491 823 2572 quidquam
837 2493 868 2550 in
879 2499 943 2550 arte
954 2513 1007 2552 sua
1017 2485 1122 2552 deesse
1192 2544 1194 2549 .

119 2589 275 2648 videatur.
298 2589 378 2658 Etsi
400 2588 459 2648 hoc
479 2589 509 2646 in
530 2587 578 2647 bis
597 2589 684 2668 quasi
704 2588 797 2648 mutis
813 2588 929 2648 artibus
949 2596 997 2648 est
1010 2589 1123 2649 miran-

115 2685 252 2744 dum'et
275 2692 377 2744 tamen
394 2706 512 2758 verum,
544 2693 660 2764 quanto
687 2685 896 2744 admirabilius
921 2685 954 2744 in
983 2685 1122 2744 oratione
1210 2743 1212 2746 .

117 2790 213 2860 atque
232 2781 263 2840 in
284 2781 498 2861 lingua‘lquae
515 2801 585 2840 cum
603 2782 635 2839 in
653 2781 761 2840 iisdem
782 2781 943 2841 sententiis
959 2782 1122 2862 verbisque

119 2884 270 2950 versetur,
298 2899 431 2938 summas
459 2877 552 2936 habet
574 2877 850 2939 dissimilitudines.
878 2881 980 2958 Atque
1004 2879 1036 2937 id
1060 2879 1123 2957 pri-

116 2995 204 3033 mum
229 2975 260 3033 in
282 2975 382 3055 poetis
402 2973 485 3034 cerni
507 2973 590 3047 licet,
610 2995 702 3054 quam
721 2975 782 3033 sint
803 2974 885 3034 inter
906 2996 971 3046 sese
993 2975 1121 3050 Ennius,

118 3072 286 3143 Pacuvius,
323 3071 488 3150 Attiusque
525 3070 704 3143 dissimiles3
747 3092 838 3152 quam
874 3072 955 3151 apud
998 3071 1122 3130 Graecos

117 3168 297 3248 AEsohylus,
314 3167 492 3248 Sophocles,
510 3167 683 3248 EuripideS,
705 3188 891 3248 quamquam
907 3167 1050 3226 omnibus
1069 3189 1124 3247 par

117 3285 208 3345 paene
219 3264 284 3324 laus
297 3265 329 3323 in
341 3264 482 3323 dissimili
493 3263 647 3324 scribendi
656 3285 767 3344 genere
781 3265 943 3324 tribuatur.
961 3265 1122 3343 Adspicite

119 3381 203 3421 nuuc
223 3362 297 3443 quid
319 3361 442 3421 intersit
461 3361 543 3421 inter
568 3368 725 3421 oratorum
746 3361 847 3420 studia
867 3368 959 3439 atque
982 3369 1120 3422 naturae.

116 3458 312 3518 Suavitatem
327 3457 487 3532 Isocrates,
509 3459 710 3518 subtilitatem
728 3458 844 3537 Lysiae,
864 3478 993 3516 acumen
1016 3459 1122 3538 Hype-

117 3554 213 3628 rides,
236 3555 373 3616 sonitum
393 3554 549 3629 AEshines,
571 3555 634 3614 vim
655 3554 877 3616 Demosthenes
901 3554 1020 3614 habuit.
1046 3555 1120 3621 Quis

115 3671 227 3712 eorum
240 3671 303 3711 uon
318 3651 480 3731 egregius?
493 3657 596 3713 tamen
612 3651 679 3733 quis
701 3652 883 3731 cujusquam
902 3651 961 3710 nisi
976 3651 1022 3710 sui
1038 3652 1122 3710 simi-

542 3937 695 3986 -211—
