2682 4258
1136 24 1276 89 ,Ἢ
1307 32 1334 74 η

302 131 437 175 LETTERS.
459 149 500 160 ···
519 135 662 176 scruteris,
685 149 725 162 ····
745 137 884 178 SAVANTS.
906 150 947 162 ··
967 138 1157 180 rfllwsorflus

270 531 355 618 4232
374 560 424 616 Le
443 571 536 631 sago
556 572 602 617 ne
621 559 746 618 crotnt
764 573 835 630 pes
854 560 910 617 les
931 559 1186 631 cataclysmes

580 649 625 706 de
644 648 684 740 lo,
702 649 858 706 Nature.

278 812 406 892 (Rerum
428 819 558 875 naturae
571 813 819 898 permixtionem
840 813 966 896 sapiens
988 835 1050 875 non
1072 813 1186 897 timet.)

174 1059 183 1085 t

159 1173 213 1228 nh.
266 1164 350 1224 Nihil
366 1164 494 1225 interest
510 1172 613 1226 utrum
630 1185 676 1226 me
688 1166 767 1246 lapis
782 1187 861 1226 unus
876 1166 971 1225 elidat
985 1187 1028 1226 an
1042 1173 1147 1226 monte
1160 1174 1233 1228 toto·

225 1280 365 1340 premar,
389 1270 491 1322 utrum
513 1283 605 1343 super
630 1283 679 1322 me
706 1262 816 1323 domus
840 1263 931 1322 unius
954 1284 1033 1322 onus
1052 1263 1169 1337 veniat,
1189 1285 1231 1324 an

223 1364 308 1417 totus
334 1365 427 1440 eaput
454 1379 557 1419 meum
583 1366 736 1419 terrarum
760 1360 843 1420 orbis
873 1359 1066 1434 abscondat;
1103 1360 1135 1420 in
1158 1359 1231 1421 lucc

223 1455 306 1513 hunc
325 1463 356 1514 et
378 1456 409 1514 in
434 1463 541 1536 aperto
556 1455 698 1536 spiritum
714 1456 851 1530 reddam,
866 1478 905 1516 an
920 1456 952 1514 in
970 1463 1058 1516 vasto
1074 1464 1230 1516 terrarum

222 1550 448 1611 dehiscentium
472 1552 565 1626 sinu;
589 1552 673 1612 solus
702 1553 734 1611 in
759 1552 835 1611 illud
863 1553 1065 1632 profundum,
1091 1566 1130 1612 an
1154 1574 1229 1613 cum

222 1667 335 1725 magno
365 1650 514 1708 comitatu
540 1649 726 1729 populorum
765 1649 994 1709 concidentium
1018 1649 1108 1709 ferar.
1140 1650 1229 1710 Nihil

222 1744 351 1804 interest
365 1766 442 1818 mea,
459 1752 593 1826 quantus
624 1745 705 1806 circa
726 1752 856 1805 mortem
876 1765 975 1804 meam
991 1746 1142 1806 tumultus
1157 1747 1200 1806 sit
1217 1767 1225 1819 ;

221 1841 288 1920 ipsa
302 1842 416 1924 ubique
435 1841 627 1902 tantumdem
649 1848 705 1903 est.
728 1842 854 1901 Nullum
879 1849 925 1901 est
948 1843 1046 1923 majus
1073 1843 1226 1902 solacium

221 1939 329 1996 mortis
347 1959 437 2018 quam
452 1939 517 2018 ipsa
532 1938 720 1999 mortalitas:
739 1958 821 1997 mors
836 1939 950 2019 ubique
978 1947 1091 2019 praesto
1110 1946 1167 2012 est,
1193 1947 1227 1999 et

222 2035 357 2114 undique
379 2036 524 2096 occurrit.
545 2035 713 2114 Nugatoria
728 2036 911 2115 corpuscula
926 2056 1043 2108 sumus,
1057 2035 1225 2108 imbecilla,

221 2132 326 2204 fluida,
343 2132 499 2192 stillicidio
515 2153 577 2191 non
588 2151 698 2209 magna
715 2132 875 2190 molitione
890 2131 1068 2213 perdenda:
1084 2132 1162 2191 nihil
1178 2142 1229 2194 est
1332 2175 1333 2199 r

221 2236 284 2288 tam
299 2229 443 2306 exiguum
458 2228 541 2308 quod
557 2249 619 2287 non
638 2229 670 2288 in
687 2229 854 2310 perniciem
871 2229 991 2307 generis
1007 2229 1132 2288 humani
1148 2231 1227 2290 satis

222 2324 332 2386 valeat.
348 2325 435 2384 Adeo
456 2346 518 2385 non
542 2325 656 2386 debent
675 2346 732 2386 nos
750 2334 853 2385 motus
875 2333 1027 2385 terrarum
1047 2325 1224 2406 hiatusque,

221 2423 353 2504 fulmina
369 2422 619 2502 irruptionesque
638 2422 731 2481 maris
755 2422 955 2496 confundere,
981 2429 1138 2502 tamquam
1154 2423 1228 2501 plus
1329 2419 1330 2439 ¹

219 2519 252 2578 in
268 2507 302 2578 se
316 2518 388 2578 mali
415 2518 549 2578 habeant
578 2539 669 2598 quam
691 2519 826 2597 vulgaris
847 2539 940 2593 more,
957 2526 993 2578 ut
1011 2526 1128 2591 contra,
1151 2539 1227 2578 cum

219 2615 260 2674 sit
277 2615 479 2676 necessarium
495 2637 511 2674 e
525 2616 588 2674 vita
601 2604 683 2674 exire
696 2623 727 2675 et
742 2615 907 2695 aliquando
921 2617 1061 2675 emittere
1075 2615 1226 2688 animam,

219 2711 334 2793 majore
346 2712 445 2792 perire
460 2712 580 2770 ratione
590 2710 691 2792 juvet.
709 2711 840 2770 Necesse
858 2717 906 2770 est
927 2709 1007 2770 mori
1022 2710 1224 2792 ubicumque,

217 2808 414 2889 quandoque.
431 2807 520 2877 Quod
539 2809 563 2866 si
579 2808 635 2867 tihi
651 2808 753 2887 parari
767 2807 865 2868 credis
880 2807 964 2868 illam
982 2807 1048 2866 caeli
1063 2806 1225 2868 confusio·
1324 2813 1325 2837 ¹

218 2926 300 2980 nem,
317 2905 399 2965 illam
414 2902 632 2986 tempestatum
647 2904 842 2978 discordiam,
859 2903 886 2964 si
897 2912 1025 2985 propter
1039 2910 1069 2964 te
1083 2903 1225 2982 ingestae

218 3001 375 3082 illisaeque
402 3003 497 3061 nubes
526 3008 677 3082 strepunt,
710 3002 736 3060 si
754 3001 786 3060 in
803 3007 891 3061 tuum
912 3000 1041 3059 exitium
1062 3006 1149 3058 tanta
1175 3001 1226 3060 vis

219 3100 336 3177 ignium
364 3100 542 3159 excutitur:
573 3106 605 3159 at
633 3105 666 3157 tu
690 3099 795 3158 solacii
825 3098 893 3158 loco
909 3117 1036 3156 numera
1060 3096 1139 3182 tanti
1154 3116 1224 3158 esse

218 3203 349 3254 mortem
368 3202 463 3254 tuam.
483 3195 610 3273 Egregie
629 3215 702 3273 ergo
724 3195 881 3275 Vagellius
905 3193 938 3254 in
955 3194 1010 3253 illo
1030 3192 1136 3254 inclito
1152 3213 1224 3254 car·

218 3293 301 3352 mine
317 3291 420 3353 dixu:
984 3276 990 3288 '

299 3389 331 3447 Si
352 3389 523 3448 cadendum
545 3395 592 3448 est
612 3389 697 3462 mihi,
722 3409 738 3449 e
760 3389 836 3450 caelo
858 3389 1004 3450 cecidisse
1026 3387 1130 3450 velim.

218 3486 305 3544 ldem
320 3486 392 3544 licet
406 3485 505 3544 dicere
522 3489 572 3546 :·si
585 3487 757 3546 cadendum
773 3494 829 3560 est,
848 3486 954 3546 cadam
968 3486 1042 3545 orbe
1056 3505 1224 3564 concusso,

218 3593 282 3640 non
297 3583 366 3662 quia
381 3582 427 3642 las
442 3590 488 3640 est
500 3590 606 3662 optare
628 3583 782 3662 publicam
803 3582 931 3657 cladem,
949 3581 1001 3640 sed
1020 3581 1092 3660 quia
1112 3581 1226 3661 ingens

218 3678 327 3737 mortis
342 3679 488 3738 solacium
504 3685 550 3738 est
564 3685 677 3740 terram
690 3701 813 3762 quoque
829 3679 934 3738 videre
950 3678 1124 3739 mortalem.

641 3865 742 3918 -306
765 3897 800 3905 -
