2682 4258
220 127 222 136 Ι
239 145 348 200 aorisia.
366 174 403 184 —
417 145 533 200 Ροὲτεε.
549 175 589 185 -
604 145 778 206 s'noouarea
795 175 835 186 -
848 162 1009 200 oanrsuas
1027 173 1067 185 -
1089 143 1258 200 undrnuns

487 513 570 572 382.
600 511 734 570 Vanite'
754 514 799 570 de
831 508 1005 571 ciceron(

822 620 825 645 l

411 751 414 756 Ι
461 649 574 754 (Qriam
588 673 746 756 gloriosus
768 673 868 755 suerit
889 673 1024 756 Cicero.)

177 957 222 1013 Rh
283 957 394 1016 Coram
407 978 455 1016 me
465 961 567 1016 tecum
583 957 688 1015 eadem
700 956 766 1015 haec
777 977 866 1034 agere
878 977 959 1036 saepe
972 964 1133 1016 conantem
1145 956 1256 1016 deter-

244 1053 306 1112 ruit
321 1054 421 1133 pudor
443 1054 568 1134 quidam
593 1075 680 1133 paene
705 1052 997 1134 subrusticum-quae
1024 1074 1106 1112 nunc
1134 1074 1257 1133 expro-

244 1171 324 1209 mam
340 1150 448 1209 absens
463 1151 623 1224 audacius;
643 1150 775 1230 epistula
788 1151 868 1209 enim
882 1171 944 1210 non
957 1151 1120 1210 erubescit.
1140 1151 1254 1210 Ardeo

243 1247 412 1326 cupiditate
426 1247 607 1320 incredibili,
624 1269 734 1328 neque,
768 1255 802 1305 ut
828 1267 884 1324 ego
909 1247 1050 1318 arbitror,
1079 1247 1254 1326 reprehen-

243 1343 355 1415 denda,
373 1363 483 1419 nomen
508 1352 542 1403 ut
563 1353 702 1403 nostrum
729 1344 1037 1424 scriptisillustretur
1065 1343 1253 1404 etcelebre-

228 1446 296 1498 tur
309 1441 381 1498 tuis.
398 1441 485 1506 Quod
499 1441 554 1499 elsi
571 1441 646 1499 milri
663 1462 744 1520 saepe
759 1440 921 1500 ostendisti
940 1449 969 1499 te
987 1461 1052 1500 esse
1076 1429 1249 1518 facturum,

245 1538 503 1616 tamenignoscas
517 1538 610 1596 velim
626 1538 697 1596 huic
716 1537 907 1596 festinationi
924 1559 1010 1598 meae.
1033 1537 1138 1598 Genus
1160 1539 1250 1596 enim

243 1635 427 1712 scriptorum
455 1643 589 1707 tuorum,
618 1635 673 1694 etsi
698 1643 763 1693 erat
794 1653 953 1714 sempera
976 1655 1024 1692 me
1046 1635 1252 1693 vehementer

244 1739 465 1810 exspectatum,
480 1739 582 1790 tamen
596 1733 671 1790 vicit
686 1731 861 1811 opinionem
877 1751 987 1802 meam,
1006 1751 1115 1810 meque
1133 1731 1176 1789 ita
1196 1732 1249 1790 vel

229 1829 328 1908 -cepit
339 1829 388 1886 vel
406 1829 553 1900 incendit,
566 1836 752 1908 utcuperem
768 1849 859 1908 quam
875 1828 1033 1887 celerrime
1054 1849 1103 1887 res
1121 1836 1249 1888 nostras

244 1926 452 1986 monumentis
467 1927 673 1984 commendari
685 1926 756 1985 tuis
775 1926 881 2005 Neque
892 1923 973 1983 enim
987 1945 1035 1984 me
1047 1925 1147 1984 solum
1159 1945 1250 1984 com-

244 2024 424 2083 memoratio
455 2023 644 2102 posteritatis
674 2045 709 2082 ac
737 2044 806 2102 spes
834 2022 976 2101 quaedam
1002 2022 1249 2082 immortalitatis

243 2122 339 2200 rapit3
352 2120 403 2178 sed
418 2120 508 2178 etiarn
524 2120 573 2178 illa
590 2121 753 2199 cupiditaS,
769 2127 804 2178 ut
816 2119 863 2177 vel
877 2119 1060 2178 auctoritate
1075 2119 1247 2178 testimonii

245 2219 300 2290 tui,
318 2217 366 2274 vel
385 2217 499 2276 indicio
526 2217 759 2288 benevolentiae,
785 2217 832 2274 vel
859 2215 1011 2274 suavitate
1037 2216 1153 2294 ingenii
1179 2217 1246 2275 vivi

244 2315 449 2395 perfruamur.
494 2315 600 2393 Neque
639 2322 743 2372 tamen
782 2313 891 2390 ignoro
921 2333 1012 2393 quam
1047 2312 1248 2392 impudenter

242 2411 364 2483 faciam,
382 2411 434 2491 qui
455 2411 587 2490 primurn
610 2409 665 2468 tibi
684 2418 803 2469 tantum
827 2410 928 2468 oneris
945 2409 1114 2489 imponam,
1132 2410 1247 2468 deinde

231 2509 347 2579 etiam,
364 2515 397 2566 ut
408 2528 498 2566 ornes
513 2527 571 2579 me,
585 2508 748 2585 postulem.
772 2507 863 2572 Quid,
887 2507 911 2564 si
931 2505 982 2565 illa
1009 2506 1065 2565 tibi
1080 2526 1142 2566 non
1155 2513 1247 2566 tanto

244 2625 336 2683 opere
356 2604 501 2662 videntur
515 2604 675 2662 ornanda?
700 2605 758 2662 Sed
780 2612 894 2674 tamen,
914 2603 966 2682 qui
987 2603 1080 2662 semel
1095 2624 1248 2662 verecun-

244 2702 303 2760 diae
329 2701 404 2760 fines
429 2700 594 2773 transierit,
622 2721 692 2759 eum
714 2700 791 2758 bene
822 2708 852 2758 et
875 2701 996 2758 naviter
1025 2707 1149 2778 oportet
1177 2721 1247 2760 esse

243 2799 465 2878 impudentem.
485 2799 591 2876 ltaque
602 2806 632 2856 te
648 2798 737 2878 plane
761 2797 853 2856 etiarn
875 2805 966 2875 atque
990 2797 1082 2856 etiam
1098 2817 1185 2876 roge,
1211 2806 1245 2857 ut

243 2904 275 2954 et
295 2917 385 2954 ornes
398 2897 442 2953 ea'
456 2895 669 2960 vehementius
698 2895 789 2953 etiam
816 2914 906 2973 quam
932 2894 1061 2952 sortasse
1079 2893 1187 2967 sentiS,
1213 2902 1245 2952 et

243 2994 327 3052 ineo
354 2992 435 3070 leges
457 2991 593 3050 historiae
617 2992 769 3068 neglegas,
794 2992 984 3069 gratiamque
1004 2989 1098 3062 illam,
1116 2989 1154 3048 de
1181 3012 1245 3070 qua

203 3090 205 3094 ’
243 3091 423 3149 suavissime
441 3090 574 3167 quodam
598 3089 629 3145 in
644 3088 795 3166 prooemio
811 3087 1078 3167 scripsisti,aqua
1104 3094 1135 3146 te
1161 3088 1246 3146 sseoti

243 3209 305 3246 non
338 3188 434 3263 magis
458 3186 595 3265 potuisse
614 3185 804 3244 demonstras
828 3205 920 3264 quam
949 3184 1111 3242 Herculem
1141 3184 1247 3242 Xeno-

245 3285 407 3361 phontium
423 3283 508 3340 illum
528 3305 544 3342 a
560 3282 738 3361 Voluptate,
758 3303 835 3354 eam,
856 3281 881 3338 si
897 3302 944 3339 me
960 3280 1016 3338 tibi
1030 3281 1247 3339 vehementius

230 3381 481 3451 commendabit,
512 3401 550 3438 ne
572 3400 741 3458 aspernere,
761 3379 918 3457 amorique
941 3384 1047 3437 nostro
1064 3377 1246 3456 plusculum

244 3477 337 3535 etiam
359 3497 450 3556 quam
463 3477 612 3536 concedet
623 3476 736 3536 veritas
749 3476 889 3553 largiare.
