2670 4252
265 151 324 210 32.
342 153 413 209 Sur
426 153 482 208 les
498 152 721 210 chatiments
736 154 937 224 corporels

462 264 521 347 (De
538 264 746 349 verberibus.)

140 441 227 501 Caedi
243 441 423 523 discipulos
439 443 610 524 quamlibet
624 452 783 524 receptum
794 445 844 520 sit,
857 444 983 504 minime
998 444 1102 506 velim.
1130 461 1171 523 3·

103 538 251 611 Primum,
267 540 337 620 quia
350 540 488 600 deforme
497 549 589 621 atque
600 541 709 600 servile
723 545 779 614 est',
792 549 824 602 et
835 551 928 616 certe,
939 543 1022 623 quod
1032 564 1106 602 con-

102 635 186 694 venit
202 636 227 694 si
246 645 367 696 aetatem
390 625 501 709 mutes,
525 625 656 718 inj⁶uria;
678 637 799 712 deinde,
825 639 919 720 quod,
939 641 964 698 si
979 639 1104 701 cuitam

16 775 17 784 ,
102 740 147 792 est
170 753 258 792 mens
284 734 441 794 illiberalis
465 743 500 794 ut
535 735 751 815 objurgatione
777 757 839 800 non
867 737 1049 815 corrigatur,
1079 735 1105 796 is

101 831 194 889 ctiam
216 831 255 890 ad
274 831 380 911 plagas
400 840 435 891 ut
453 833 585 912 pessima
602 852 733 914 quaeque
752 833 905 914 mancipia
927 834 1103 909 durabitur3

104 935 275 1007 postremo,
290 928 373 1008 quod
395 949 432 987 ne
453 951 531 1008 opus
547 929 607 988 erit
626 931 749 1010 quidem
771 931 827 990 hac
846 931 1059 1008 castigatione,
1079 930 1105 990 si

101 1025 244 1084 assiduus
260 1025 432 1085 studiorum
446 1033 571 1085 exactor
584 1027 748 1086 adstiterit.
766 1028 855 1087 Nunc
868 1028 930 1087 fere
941 1029 1105 1108 neglegen-

101 1123 143 1181 tia
155 1121 396 1202 paedagogorum
409 1124 453 1182 sic
463 1124 619 1183 emendari
632 1125 767 1200 videtur,
783 1131 818 1183 ut
830 1124 915 1205 pueri
929 1147 991 1184 non
1004 1125 1105 1186 facere

101 1240 170 1298 quae
192 1227 277 1278 recta
295 1228 368 1279 sunt
381 1229 542 1298 cogantur,
560 1221 623 1293 sed,
646 1243 715 1280 cum
736 1242 798 1280 non
815 1222 956 1296 fecerint,
972 1222 1105 1303 punian-

102 1324 163 1375 tur.
195 1317 338 1397 Denique
364 1337 434 1376 cum
461 1318 623 1396 parvulum
649 1319 828 1378 verberibus
853 1320 1000 1398 coegeris,
1031 1319 1106 1400 quid

103 1413 214 1493 juveni
233 1413 337 1486 facias,
355 1395 405 1472 oui
422 1435 477 1472 nec
499 1411 637 1472 adhiberi
651 1422 755 1494 potest
770 1415 819 1474 hic
829 1424 929 1475 metus
943 1423 974 1476 et
987 1417 1105 1496 majora

101 1510 249 1568 discenda
261 1512 357 1569 sunt?
370 1511 458 1569 Adde
474 1495 664 1591 quod'multa
678 1512 897 1594 vapulantibus
910 1513 994 1572 dictu
1006 1514 1106 1572 defor-

102 1608 164 1666 mia
179 1615 211 1666 et
227 1627 299 1665 mox
311 1607 504 1666 verecundiae
522 1609 623 1666 futura
643 1629 723 1688 saepe
743 1608 849 1668 dolore
866 1609 915 1668 vel
928 1619 1012 1669 metu
1026 1611 1105 1670 acci·
1130 1627 1132 1634 ’

100 1705 216 1763 derunt
234 1724 241 1763 1
258 1705 310 1784 qui
331 1703 431 1784 pudor
449 1704 563 1782 frangit
577 1706 712 1764 animum
726 1712 757 1763 et
769 1706 884 1785 abjicit,
902 1714 993 1787 atque
1009 1708 1105 1787 ipsius

102 1802 180 1860 lucis
197 1801 304 1879 fugam
324 1810 354 1860 et
369 1802 494 1860 taedium
511 1801 616 1861 dictat.
636 1802 705 1861 Jam
724 1802 748 1860 si
768 1804 870 1862 minor
887 1804 917 1861 in
935 1804 1105 1883 deligendis
1174 1810 1176 1815 ’

100 1883 267 1956 custodum
281 1898 330 1955 vel
341 1906 565 1978 praeceptorum
577 1899 713 1957 moribus
723 1899 875 1972 fuitcura,
891 1901 990 1978 ¹pudet
1004 1901 1105 1958 dicere

101 1996 131 2052 in
148 2016 220 2074 qnae
238 1995 350 2074 probra
369 1995 492 2053 nefandi
510 1996 648 2053 homines
666 1995 726 2054 isto
742 1995 880 2054 caedendi
890 1997 961 2076 jure
976 1996 1105 2055 abutan-

100 2100 162 2151 tur.
179 2092 249 2149 Non
265 2091 410 2151 morabor
424 2092 455 2150 in
471 2098 556 2172 parte
570 2091 641 2166 hac;
657 2093 786 2151 nimium
798 2100 844 2152 est
857 2092 941 2172 quod
955 2093 1104 2178 intellegi-
1204 2169 1205 2172 Ἴ

100 2197 161 2248 tur.
188 2187 288 2254 Quare
313 2189 371 2247 boc
390 2188 503 2247 dixisse
523 2189 597 2248 satis
619 2196 683 2262 est;
708 2190 739 2248 in
761 2197 882 2248 aetatem
902 2189 1054 2248 infirmam
1069 2198 1113 2275 ‘et'

102 2285 229 2365 injuriae
244 2285 408 2344 obnoxiam
423 2286 536 2344 nemini
552 2286 644 2344 debet
655 2287 783 2345 nimium
797 2286 899 2347 ficere.

286 2561 344 2618 33.
362 2561 433 2617 sur
447 2562 487 2618 la
500 2562 641 2618 lecture
657 2561 809 2618 ouante
823 2561 921 2618 voix.

219 2671 315 2755 (Voce
329 2673 415 2734 clara
430 2681 636 2754 contentaque
646 2695 728 2755 puer
744 2674 845 2757 legere
860 2674 984 2757 discat.)

140 2851 291 2931 Superest
311 2850 412 2923 lectio,
435 2850 467 2908 in
490 2872 549 2931 qua
573 2871 648 2930 puer
672 2857 707 2910 ut
736 2851 814 2910 sciat
840 2851 892 2911 ubi
919 2851 1106 2930 suspendere
1134 2872 1174 2934 3·

103 2947 245 3025 spiritum
265 2946 386 3022 debeat,
409 2969 470 3027 quo
492 2947 560 3006 foco
579 2968 702 3006 versum
723 2949 923 3026 distinguere,
948 2949 1001 3006 ubi
1024 2949 1107 3009 clau·

103 3042 193 3103 datur
212 3065 339 3128 sensus,¹
358 3045 439 3103 unde
463 3044 600 3124 incipiat,
625 3045 750 3124 quando
774 3045 943 3104 attollenda
964 3045 1011 3104 vel
1034 3047 1107 3105 sub·

104 3140 252 3200 mittenda
266 3141 307 3199 sit
316 3161 387 3213 vox,
400 3141 486 3221 quid,
500 3162 623 3221 quoque
638 3143 718 3200 flexu
730 3143 816 3223 quid,
828 3142 951 3216 lentina,
965 3141 1106 3229 celerius,

105 3238 300 3310 concitatiuS,
322 3237 420 3296 lenius
456 3237 632 3310 dicendum,
657 3237 861 3298 demonstrari
883 3239 942 3297 nisi
964 3240 995 3297 in
1015 3261 1113 3319 opere·

106 3333 169 3411 ipso
193 3355 257 3393 non
292 3340 401 3414 potest.
431 3335 535 3393 Unum
566 3341 613 3392 est
643 3335 740 3412 igitur
773 3337 856 3416 quod
880 3337 910 3394 in
936 3335 992 3394 hac
1021 3346 1108 3416 parte

107 3432 301 3510 praecipiam:
325 3431 366 3490 Ut
385 3432 488 3490 omnia
514 3432 571 3504 ista
600 3431 700 3490 facere
727 3433 835 3512 possit,
861 3432 1045 3511 intellegat.¹
1061 3435 1111 3493 Sit

107 3535 202 3586 autem
223 3529 256 3585 in
281 3527 386 3606 primis
410 3528 500 3586 lectio
528 3528 626 3586 virilis
645 3535 676 3588 et
700 3550 769 3587 cum
798 3530 949 3601 suavitate
974 3531 1115 3610 quadam*

107 3625 214 3698 graviS,
235 3631 266 3683 et
283 3645 346 3683 non
368 3624 492 3704 quidem
516 3645 615 3704 prosae
637 3626 756 3699 similis,
776 3627 847 3706 quia
868 3635 899 3686 et
919 3648 1042 3687 carmen
1061 3634 1109 3686 est

106 3727 135 3777 et
148 3741 179 3780 se
192 3729 416 3802 poetaecanere
440 3728 607 3795 testantur;
629 3743 692 3780 non
714 3724 863 3781 tamenin
881 3724 1035 3782 canticum
1046 3723 1108 3781 dis-

535 3909 676 3960 ..23-
