2678 4250
298 175 381 233 251.
401 159 514 242 moga
538 174 582 229 aa
597 171 864 241 ragrreurture.

380 399 618 485 (Agriculturae
642 397 772 479 laudes.)

118 721 229 781 Adhuc
252 720 373 780 scholas
393 719 551 779 rhetorum
573 725 604 778 et
628 724 851 797 geometrarum
874 714 1075 776 musicorum·
1102 710 1142 775 2·

22 807 23 844 ³
81 841 147 898 que,
161 818 222 891 vel,
242 817 325 898 quod
346 817 443 893 magis
465 816 638 876 mirandum
658 823 715 887 est,
739 812 1073 893 contemptissimorum

82 916 225 975 vitiorum
246 915 393 987 officinas,
407 913 546 991 gulosius
559 911 725 972 condiendi
737 911 823 970 cibos
836 918 867 970 et
886 909 1075 969 luxuriosius

80 1012 191 1071 fercula
212 1011 351 1070 struendi
372 1031 434 1069 non
456 1010 555 1069 solum
573 1029 638 1068 esse
657 1008 771 1081 audivi,
794 1008 846 1067 sed
866 1015 897 1066 et
914 1006 979 1086 ipsa
997 1005 1073 1065 vidi.

73 1107 314 1187 ⁴Agricolationis
333 1128 431 1186 neque
444 1106 585 1165 doctores
605 1106 659 1186 qui
680 1126 712 1164 se
731 1105 961 1185 profiterentur,
976 1123 1075 1183 neque

21 1229 22 1232 ¹
79 1205 246 1286 discipulos
258 1204 409 1284 cognovi:
425 1224 507 1276 cum,
520 1203 638 1262 etiamsi
651 1202 868 1281 praedictarum
880 1200 993 1261 artium
1005 1219 1076 1280 pro-

21 1343 23 1360 ,
80 1303 245 1361 fossoribus
258 1300 367 1360 civitas
380 1309 492 1378 egeret,
507 1309 621 1371 tamen,
637 1300 716 1358 sicut
729 1298 811 1378 apud
824 1298 952 1377 priscos,
967 1297 1075 1356 llorere

21 1385 22 1422 ³
80 1407 181 1476 posset
201 1397 384 1477 respublica.
410 1397 487 1455 Nam
508 1397 573 1455 sine
592 1395 717 1454 ludicris
736 1395 855 1454 artibus
873 1403 966 1474 atque
982 1394 1075 1454 etiam

81 1496 143 1554 sine
172 1494 334 1554 causidicis
362 1493 435 1552 olim
455 1495 529 1552 satis
550 1492 654 1552 felices
676 1493 772 1565 fuere,
795 1492 970 1573 futuraeque
1003 1500 1077 1550 sunt

21 1585 22 1632 ἒ
79 1592 187 1664 urbes;
208 1597 240 1651 at
268 1591 332 1650 sine
352 1589 590 1668 agricultoribus
603 1610 659 1648 nec
671 1589 839 1648 consistere
852 1587 1007 1663 mortales,
1020 1607 1076 1647 nec

21 1741 22 1764 ἦ
78 1689 112 1746 ali
121 1709 212 1768 posse
221 1688 419 1747 manifestum
429 1695 486 1746 est.
497 1687 564 1754 Quo
572 1687 668 1763 magis
681 1685 813 1764 prodigii
824 1684 922 1744 simile
935 1683 1075 1764 estquod

21 1769 22 1838 l
77 1785 199 1857 accidit,
222 1791 257 1844 ut
278 1805 326 1842 res
339 1783 520 1863 corporibus
533 1784 644 1842 nostris
658 1783 791 1862 vitaeque
805 1782 931 1842 utilitati
944 1781 1075 1840 maxime

21 1865 23 1954 l
77 1881 264 1940 conveniens
292 1881 451 1939 minimam
470 1901 567 1960 usque
598 1880 630 1938 in
654 1879 712 1938 hoc
736 1887 858 1958 tempus
882 1898 1075 1938 consumma-

21 1957 23 1980 ’
78 1979 193 2038 tionem
226 1978 363 2051 haberet,
396 1976 489 2057 idque
513 1984 710 2056 sperneretur
735 1997 831 2053 genus
867 1975 1074 2055 amplificandi
1148 2053 1151 2062 μ

20 2083 23 2206 .
80 2074 294 2154 retinendique
322 2073 501 2154 patrimonii
521 2073 604 2154 quod
633 2074 717 2132 omni
739 2073 866 2132 crimine
883 2079 977 2132 caret.
996 2073 1073 2131 Nam

20 2211 22 2286 q
77 2180 178 2231 cetera
189 2171 339 2231 dissident
352 2193 369 2230 a
376 2170 498 2251 justitia
512 2195 517 2228 :
533 2170 592 2228 nisi
604 2171 722 2251 aequius
733 2169 943 2229 existimamus
958 2169 1075 2249 cepisse

20 2293 22 2396 q
77 2269 211 2345 praedam
225 2289 262 2326 ex
277 2267 401 2340 militia,
416 2288 494 2348 quae
513 2266 601 2326 nobis
621 2266 698 2326 nihil
718 2267 783 2328 sine
802 2267 950 2344 sanguine
963 2274 994 2326 et
1012 2266 1075 2326 cla·
1095 2333 1103 2346 ι

76 2365 165 2425 dibus
179 2365 286 2424 alienis
309 2366 407 2425 allert.
432 2366 481 2423 An
500 2363 615 2423 bellum
632 2365 750 2444 perosis
771 2364 863 2423 maris
885 2371 916 2424 et
937 2364 1076 2442 negotia-

77 2462 169 2522 tionis
181 2462 245 2521 alea
254 2461 297 2523 ¹sit
308 2461 483 2542 optabilior,
497 2469 542 2534 ut,
558 2469 651 2540 rupto
665 2469 783 2520 naturae
794 2461 919 2534 foedere,
931 2467 1075 2521 terrestre

75 2559 199 2633 animal,
215 2559 308 2618 homo
321 2579 352 2617 se
364 2557 511 2617 fluctibus
524 2559 636 2617 audeat
649 2558 783 2628 credere,
798 2579 989 2641 semperque,
1012 2559 1074 2618 ritu
1120 2587 1123 2593 ·

77 2655 250 2727 volucrum,
266 2655 427 2735 longinqui
447 2654 546 2714 litoris
564 2655 754 2734 peregrinus,
779 2655 919 2734 ignotum
939 2662 1075 2734 pererret

76 2754 181 2811 orbem
193 2753 208 2811 ἶ)
219 2753 269 2810 An
282 2751 441 2810 faeneratio
454 2750 645 2831 probabilior
660 2751 712 2824 sit,
727 2752 820 2812 etiam
834 2751 882 2810 his
896 2752 995 2811 invisa
1008 2752 1073 2832 qui·

76 2848 129 2907 bus
154 2869 335 2907 succurrere
355 2848 480 2908 videtur
490 2849 506 2907 l·
525 2850 575 2907 An
596 2850 756 2908 honestius
778 2847 917 2908 duxerim
939 2869 1076 2907 meroen-

20 3021 21 3024 *
76 2947 151 3004 narii
165 2945 341 3004 salutatoris
353 2944 805 3025 mendacissimumaucupium,
816 2945 1075 3006 circumvolutari-

76 3042 112 3099 tis
125 3042 235 3101 limina
249 3041 482 3120 potentiorum?
498 3041 572 3109 Quae
595 3043 620 3102 si
640 3043 761 3122 etipsa,
782 3050 812 3103 et
832 3062 938 3102 eorum
952 3041 1072 3114 similia,

20 3161 21 3208 3
76 3138 165 3198 honis
180 3138 326 3216 fugienda
339 3145 422 3212 sunt,
438 3147 578 3219 superest
591 3160 687 3198 unum
699 3159 796 3217 genus
810 3139 935 3199 liberale
948 3147 979 3199 et
991 3139 1076 3218 inge-

20 3233 22 3310 l
74 3256 172 3294 nuum
183 3235 228 3294 rei
240 3235 398 3295 familiaris
411 3236 570 3314 augendae,
593 3236 677 3318 quod
700 3257 738 3296 ex
756 3235 978 3315 agricolatione
1002 3257 1075 3296 con-

20 3375 21 3410 3
74 3332 181 3410 tingit.

20 3455 22 3502 l
