2682 4258
355 165 440 266 456.
460 209 511 264 De
530 189 570 264 la
587 205 852 264 bienfalsanoe.

452 303 511 386 (De
531 303 759 384 beneficentia.)

141 471 368 532 Beneficentiae
387 477 433 532 est
446 471 525 531 ratio
541 471 655 552 duplex
671 489 678 533 τ
707 492 777 530 nam
793 475 847 530 aut
859 491 954 552 opera
969 469 1102 548 benigne
1128 464 1170 530 20
1198 523 1199 526 ,

101 570 138 629 fit
157 570 379 649 indigentibus,
397 575 451 630 aut
473 572 612 649 pecunia.
631 567 762 628 Facilior
783 574 831 627 est
848 567 915 627 haec
936 549 1100 648 pdsterior,

12 663 13 666 ’
102 665 249 746 locupleti
278 666 471 748 praesertim:
498 665 551 724 sed
575 665 627 726 illa
651 664 764 724 lautior
787 685 822 726 ac
848 664 1048 745 splendidior,
1072 666 1104 724 et

104 764 170 822 viro
196 762 269 822 lorti
295 763 439 843 claroque
458 762 590 840 dignior.
616 763 807 843 Quamquam
827 762 956 820 enimin
971 754 1103 842 utroque

101 859 183 918 inest
201 858 395 938 gratificandi
411 859 546 918 liberalis
561 859 716 931 voluntaS,
732 867 836 918 tamen
856 859 951 918 altera
967 879 1004 918 ex
1020 879 1101 932 arca,

102 957 199 1016 altera
227 977 264 1015 ex
289 955 404 1016 virtute
425 956 628 1036 depromitur,
654 955 851 1036 largitioque,
877 976 946 1036 quae
965 957 1001 1016 fit
1021 975 1104 1016 exre

101 1053 257 1127 familiari,
288 1053 406 1112 fontem
430 1053 531 1132 ipsum
562 1039 760 1133 benignitatis
784 1053 937 1114 exhaurit.
956 1053 1002 1113 Ita
1017 1052 1105 1112 beni-

101 1151 221 1228 gnitate
246 1149 419 1228 benignitas
453 1150 571 1209 tollitur
601 1169 608 1211 :
638 1172 699 1232 qua
733 1172 795 1232 quo
832 1150 863 1208 in
896 1149 1000 1232 plures
1030 1170 1104 1209 usus

101 1249 155 1320 sis,
181 1267 219 1306 eo
244 1247 346 1306 minus
370 1247 400 1306 in
423 1247 536 1306 multos
554 1247 598 1307 uti
626 1249 736 1328 possis.
754 1248 862 1326 Atqui
883 1267 988 1328 opera,
1010 1246 1105 1310 idest

101 1343 218 1402 virtute
255 1350 287 1403 et
313 1343 639 1416 industria,'henefici
667 1352 699 1404 et
726 1344 865 1404 liberales
902 1351 1003 1417 erunt,
1042 1343 1105 1423 pri-

101 1462 200 1512 mum,
217 1435 278 1520 quo
289 1440 429 1522 pluribus
441 1441 624 1520 proluerint,
635 1461 671 1499 eo
678 1441 781 1520 plures
797 1441 834 1499 ad
846 1440 977 1518 benigne
993 1440 1104 1499 lacien-

102 1539 177 1596 dum
187 1536 343 1617 adjutores
351 1537 509 1596 habebunt
522 1556 528 1598 :
539 1537 650 1596 deinde
661 1538 883 1597 consuetudine
894 1537 1104 1596 beneficentiae

101 1635 272 1714 paratiores
299 1643 389 1694 erunt
413 1642 445 1694 et
465 1641 623 1716 tamquam
657 1635 885 1694 exercitatiores
907 1634 945 1694 ad
965 1634 1043 1694 bene
1066 1634 1104 1694 de

100 1731 209 1790 multis
225 1731 475 1812 promerendum.
489 1731 638 1790 Praeclare
647 1731 677 1790 in
693 1731 824 1810 epistula
833 1732 964 1812 quadarn
974 1732 1105 1790 Alexan-

101 1829 192 1887 drum
208 1827 304 1886 filium
317 1828 478 1908 Philippus
493 1835 627 1902 accusat,
643 1829 727 1908 quod
743 1829 907 1906 largitione
925 1825 1105 1888 benivolen-

100 1926 177 1983 tiam
193 1925 399 1984 Macedonum
413 1933 608 1985 consectetur
625 1950 630 1983 :
653 1951 667 1980 α
684 1925 758 1992 Quae
775 1932 814 1999 te,
832 1925 946 1984 malum
961 1929 967 1986 l
990 1927 1103 2006 inquit,

100 2022 182 2080 ratio
201 2022 233 2080 iu
268 2021 358 2080 istam
384 2009 470 2102 spem
490 2022 623 2094 induxit,
648 2028 683 2082 ut
697 2043 749 2081 eos
769 2022 825 2082 tibi
845 2021 951 2082 fideles
979 2030 1104 2102 putares

100 2119 180 2191 lore,
201 2140 278 2200 quos
298 2119 428 2198 pecunia
447 2119 664 2198 corrupisses?
690 2121 738 2178 An
758 2127 791 2178 tu
807 2119 838 2182 id
858 2119 934 2196 agia,
955 2127 989 2178 ut
1003 2119 1103 2178 Mace-

100 2215 199 2274 dones
214 2236 276 2274 non
291 2224 322 2277 te
342 2237 444 2294 regem
471 2236 572 2286 suum,
589 2216 642 2275 sed
667 2217 841 2275 ministrum
862 2223 893 2274 et
906 2216 1103 2295 praebitorem

100 2319 230 2392 sperent
256 2312 341 2372 fore?
357 2338 371 2367 u
399 2313 481 2372 Bene
507 2313 711 2372 «ministrum
729 2320 759 2371 et
774 2313 970 2392 praebitorem
988 2337 1015 2385 u,
1033 2313 1105 2394 quia

101 2409 263 2468 sordidum
279 2410 359 2488 regi:
377 2410 486 2468 melius
500 2411 602 2482 etiam,
614 2411 697 2489 quod
714 2410 907 2488 largitionem
921 2435 935 2465 a
945 2417 1105 2491 corrupte-

101 2507 164 2564 lam
180 2531 194 2561 »
215 2527 281 2564 esse
302 2506 390 2566 dixit.
414 2507 462 2565 Fit
477 2508 556 2565 enim
578 2507 713 2565 deterior
729 2507 782 2587 qui
803 2508 925 2586 accipit,
947 2516 1040 2587 atque
1065 2507 1103 2566 ad

52 2593 54 2598 ¹
101 2602 185 2663 idem
212 2624 333 2682 semper
351 2604 591 2682 exspectandum
611 2604 757 2682 paratior.
785 2605 853 2664 Hoc
869 2603 920 2663 ille
942 2605 1021 2677 fili0;
1051 2604 1103 2662 sed

101 2707 295 2779 praeceptum
312 2708 455 2779 putemus
470 2700 624 2763 omnibus
727 2706 730 2713 '

172 2877 260 2935 457.
280 2877 335 2935 La
353 2877 436 2944 prus
456 2877 550 2932 uene
565 2867 721 2934 victure
737 2879 796 2933 est
815 2879 906 2944 eene
926 2874 1033 2947 qu'on
1100 2845 1101 2848 Ὺ

363 2966 548 3032 remporte
569 2977 634 3020 sur
655 2965 851 3044 sol-meme.
966 2967 967 2972 ’

208 3057 374 3142 (Animum
396 3059 517 3120 uincere
534 3059 752 3142 pulcherrima
774 3047 903 3122 uictoria
925 3061 993 3143 est.)
1031 3136 1034 3144 ,
1101 3053 1102 3058 ἵ

143 3201 275 3260 Bellicas
291 3199 396 3260 laudes
411 3201 510 3260 solent
531 3202 655 3282 quidam
679 3210 845 3262 extenuare
862 3203 974 3276 verbiS,
992 3224 1104 3283 easque

98 3297 265 3357 detrahere
287 3297 427 3370 ducibuS,
450 3299 677 3358 communicare
696 3320 765 3358 cum
784 3299 944 3372 militibus,
971 3320 1009 3357 ne
1033 3321 1105 3380 pro„

97 3395 177 3476 priee
193 3394 256 3452 sint
271 3394 503 3473 imperatorum.
524 3397 563 3454 Et
582 3402 664 3455 certe
686 3396 824 3454 inarmis
842 3396 974 3472 militum
992 3397 1103 3469 virtue,

98 3493 241 3550 locorum
255 3491 483 3569 opportunitas
501 3493 614 3551 auxilia
630 3493 796 3565 sociorum,
812 3477 934 3564 classes,
952 3514 1105 3556 commea-

98 3597 163 3660 tus,
180 3587 314 3647 multum
327 3587 453 3666 juvant,
465 3590 628 3647 maximam
639 3609 712 3648 vero
729 3597 846 3668 partem
863 3589 950 3669 quasi
966 3611 1021 3649 suo
1033 3591 1104 3670 jure
1126 3639 1128 3646 ,

0 3732 1 3755 ,
98 3686 228 3758 fortuna
244 3683 302 3742 sibi
319 3685 465 3759 vindicat,
496 3694 527 3745 et
548 3686 699 3767 quidquid
714 3694 761 3746 est
777 3707 907 3766 propere
922 3695 1054 3765 gestum,
1072 3688 1103 3746 id

97 3802 199 3863 paene
208 3801 299 3840 omne
315 3781 402 3840 ducit
412 3803 512 3841 suum.
530 3783 717 3862 Hujusmodi
734 3805 793 3856 res,
815 3784 918 3842 nescio
934 3785 1102 3864 quomodo,

525 3981 558 3988 ·—
579 3951 623 4002 331
648 3953 683 3990 -’
