2682 4258
274 168 358 225 466.
378 168 557 224 L'homme
577 168 671 223 n'est
692 166 799 235 qu'un
819 178 963 222 roseau.

391 269 503 350 (Quam
523 269 653 353 srapilis
675 269 715 330 sit
737 267 850 350 homo.)
917 287 920 302 ’

117 407 121 420 ,
166 427 244 498 Quid
258 437 303 488 est
318 429 434 491 homo?
453 429 612 510 quodlibet
629 414 772 509 quassum
794 451 845 489 vas
863 435 893 487 et
907 428 1044 508 quolibet
1061 426 1120 485 fra·
1148 419 1188 487 2⁶

123 526 184 604 gilo
195 527 324 606 jactata.
341 527 410 584 Non
422 534 601 606 tempestate
612 546 732 603 magna,
749 534 781 584 ut
796 525 961 604 dissiperis
975 532 1021 582 est
1031 545 1119 602 opus

127 621 319 703 Ubicumque
334 623 523 695 arietante-rie,
543 624 681 689 solveris.
697 623 775 690 Quid
791 630 837 681 est
852 623 944 680 homo
957 621 971 678 ·?
984 619 1122 678 imbecil-

125 720 188 779 lum
212 740 324 799 corpus
354 727 385 778 et
410 720 526 798 fragile,
560 718 687 791 nudum,
718 728 825 799 suapte
856 727 964 778 natura
993 717 1120 787 inerme,

120 813 241 875 'alienae
256 816 322 896 opis
335 817 485 894 indigens,
503 817 540 876 ad
556 837 662 875 omncs
679 817 820 876 fortunae
836 814 1037 876 contumelias
1052 835 1122 893 pro-

120 914 251 994 jectum,
267 913 432 993 cujuslibet
442 914 524 972 ferae
534 913 693 992 pabulum,
706 913 871 993 cujuslibet
881 913 1017 982 victima,
1028 911 1123 990 frigo—

124 1007 178 1081 ris,
195 1018 309 1080 aestus
328 1010 441 1068 laboris
451 1006 626 1090 impatiens,
646 1006 753 1070 anxiae
771 1010 979 1090 sollicitaeque
995 1008 1122 1084 tutelae,

124 1106 254 1186 precarii
265 1107 390 1186 spiritus
402 1115 432 1166 et
442 1108 520 1167 male
531 1107 695 1166 haerentis.
709 1108 858 1166 Miramur
869 1108 899 1164 in
912 1107 971 1166 hoc
979 1112 1121 1176 mortem,

124 1197 205 1284 quae
215 1203 305 1262 unius
319 1204 471 1281 singultus
484 1225 561 1283 opus
576 1213 622 1285 est
632 1204 813 1294 ‘tNumquid
827 1204 908 1262 enim
920 1210 954 1262 ut
969 1201 1120 1269 concidat,

125 1300 229 1378 magni
248 1321 296 1358 res
318 1300 488 1360 molimenti
511 1301 581 1360 est?
604 1301 687 1378 Odor
704 1301 746 1359 illi
763 1321 914 1381 saporque
929 1307 960 1359 et
975 1297 1124 1379 lassitudo

124 1405 157 1456 et
168 1397 272 1476 vigilia
288 1405 318 1456 et
333 1418 421 1455 umor
433 1407 463 1456 et
476 1397 561 1456 cibus
572 1406 603 1456 et
615 1397 680 1456 sine
691 1397 801 1476 quibus
816 1398 919 1455 vivere
932 1417 994 1455 non
1010 1402 1122 1475 potest,

124 1496 374 1554 mortiferasunt.
388 1493 589 1573 Quocumque
599 1516 629 1554 se
639 1495 846 1554 movitstatim
856 1494 1042 1552 infirmitatis
1052 1511 1125 1552 suae

125 1590 296 1662 conscium,
314 1612 478 1662 nonomne
499 1591 617 1650 caelum
635 1592 746 1656 serens,
767 1613 914 1672 aquarum
934 1589 1125 1650 novitatibus
1190 1593 1193 1603 '

124 1691 263 1769 tlatuque
283 1709 345 1745 non
365 1688 523 1746 familiaris
541 1709 633 1747 aurae
653 1696 684 1747 et
702 1683 889 1748 tenuissimis
910 1679 1010 1748 causis
1032 1697 1124 1767 atque

124 1784 345 1844 offensionibus
374 1785 560 1857 morbidum,
587 1794 686 1864 putre,
717 1786 900 1864 causariam,
926 1787 999 1844 tletu
1029 1786 1124 1844 vitam
1182 1844 1184 1851 ,

123 1870 329 1961 auspicatum,
347 1898 415 1939 cum
431 1881 551 1940 interim
575 1891 706 1962 quantos
724 1883 872 1966 tumultus
894 1883 952 1940 hoc
970 1891 1031 1941 tam
1052 1904 1126 1943 con·
1184 1898 1185 1902 ’

127 1985 278 2058 temptum
295 1977 406 2037 animal
427 1961 554 2038 movet?
569 1980 603 2037 ln
626 1987 755 2058 quantas
774 1970 975 2056 cogitationes
993 1963 1125 2038 oblitum

123 2074 317 2134 condicionis
332 2059 403 2133 suae
420 2075 527 2134 venit?
542 2075 739 2147 lmmortalia‚
756 2085 879 2134 aeterna
892 2076 1010 2134 volutat
1023 2059 1126 2139 animo

125 2171 209 2231 etin
230 2179 356 2251 nepotes
377 2179 622 2252 pronepotesque
639 2173 785 2251 disponit,
802 2193 871 2231 cum
894 2173 1014 2231 interim
1034 2158 1126 2251 longa

124 2278 291 2328 conantem
305 2289 373 2326 eum
391 2289 472 2326 mors
487 2269 633 2348 opprimit
649 2269 761 2340 ethos,
779 2270 862 2350 quod
878 2277 1018 2329 senectus
1037 2291 1128 2330 voca-
1200 2329 1203 2334 .

126 2377 189 2437 tur,
206 2363 460 2444 paucissimorum
479 2365 625 2424 circuitus
639 2386 800 2425 annorum.
827 2438 829 2441 .

282 2667 367 2724 467.
389 2666 571 2737 Fragilite
589 2670 633 2725 de
649 2682 716 2726 nos
736 2667 972 2738 esperances.

301 2781 415 2860 (Quam
436 2779 571 2864 srapiles
593 2781 655 2840 sint
678 2782 839 2842 hominum
861 2785 953 2864 spes.)

169 2965 194 3024 Ο
225 2974 341 3045 quanta
379 2965 534 3026 dementia
570 2974 616 3026 est
647 2988 716 3047 spes
750 2968 857 3046 longas
891 2968 1125 3030 inchoantium!
1154 2955 1194 3018 2⁰

128 3090 144 3130 ᾳ
166 3063 285 3134 Emam‚
320 3063 490 3134 aedificabo,
528 3063 659 3136 credam,
684 3065 813 3143 exigam,
846 3066 979 3124 honores
1007 3085 1127 3145 geram;

129 3170 213 3222 tum¹
240 3142 356 3220 deinde
394 3159 505 3218 lassam
533 3168 564 3218 et
591 3161 712 3240 plenam
753 3170 940 3221 senectutem
970 3163 1001 3220 in
1030 3165 1128 3223 otium

130 3253 272 3316 referam.
300 3281 315 3315 »
347 3256 468 3329 Omnia,
503 3257 578 3315 mihi
609 3258 710 3327 crede,
734 3259 825 3318 etiam
860 3259 1000 3318 selicihus
1035 3259 1129 3324 dubia

127 3360 218 3424 sunt;
240 3352 315 3410 nihil
334 3353 391 3411 sibi
407 3354 568 3433 quisquam
591 3354 751 3413 defuturo
774 3355 865 3415 debet
886 3358 1079 3435 promittere;
1098 3358 1130 3416 id

129 3465 265 3526 quoque,
289 3445 370 3524 quod
393 3453 525 3518 tenetur,
547 3467 602 3526 per
624 3467 732 3504 mamis
754 3448 830 3519 exit;
854 3457 884 3506 et
903 3449 1012 3528 ipsam,
1037 3472 1129 3530 quam

127 3541 310 3624 premimus,
340 3543 447 3603 horam
474 3564 562 3601 casus
586 3543 705 3603 incidit.
732 3545 874 3604 Volvitur
905 3552 1035 3626 tempus,
1065 3557 1131 3608 rata

125 3654 171 3722 qu
185 3638 255 3698 dem
277 3638 354 3718 lege,
374 3639 427 3698 sed
449 3641 712 3718 perobscurum:
733 3641 808 3720 quid
829 3650 931 3700 autem
954 3645 991 3702 ad
1014 3666 1073 3717 me,
1091 3667 1132 3712 an

127 3742 250 3796 naturae
263 3743 383 3796 ‘certum
399 3738 448 3811 sit,
465 3736 548 3818 quod
562 3737 637 3795 mihi
653 3737 802 3797 incertum
823 3742 893 3799 est?
910 3723 1133 3818 Navigationes¹

553 3904 707 3975 Luae-‘-
