2670 4252
422 192 478 248 18.
499 193 576 248 Une
597 192 782 259 adoption.

387 305 446 385 (De
467 304 605 388 quadam
626 304 817 386 adoptione.)

139 463 282 523 Asinium
303 464 419 523 Rufum
445 465 641 542 singulariter
665 485 745 525 am0.
769 465 824 524 Est
844 464 937 524 homo
959 463 1101 524 eximius.
1130 462 1169 526 2⁰
1200 544 1202 548 Ι

98 560 181 618 Sunt
201 561 228 619 ei
253 561 343 620 liberi
371 563 501 641 plures:
527 583 597 620 nam
625 562 656 620 in
678 561 738 621 hoc
764 583 886 642 quoque
910 562 1035 621 iunctus
1057 567 1104 620 est

97 657 210 736 optimi
232 659 307 716 civis
335 658 447 730 oflicio,
474 658 557 738 quod
585 659 781 718 secundidete
805 660 909 718 uxoris
936 659 1018 737 large
1042 658 1102 716 srui

95 755 201 812 voluit
216 776 253 813 eo
270 755 394 826 saecu10,
412 777 473 836 quo
489 756 643 836 plerisque
663 757 756 814 etiam
773 756 910 834 singulos
925 755 1004 815 filios
1019 755 1103 813 orbi-

96 851 173 909 tatis
198 852 324 930 praemia
350 873 459 930 graves
490 854 623 916 faciunt:
648 853 761 933 quibus
790 852 840 912 ille
862 853 1026 932 despectis,
1053 852 1102 910 avi

96 969 224 1028 quoque
237 969 349 1008 nomeu
365 951 541 1029 assumpsit.
559 951 633 1008 llaec
646 971 682 1009 eo
697 950 856 1029 pertinent
869 958 904 1009 ut
918 951 995 1009 scias
1011 969 1101 1028 quam

96 1045 269 1123 copiosam,
301 1067 392 1126 quam
422 1067 613 1105 numerosam
641 1047 767 1105 domum
792 1068 854 1106 uuo
882 1047 1032 1105 beneficio
1061 1046 1103 1103 sis

96 1141 317 1218 obligaturus:
343 1143 381 1202 ad
408 1143 491 1223 quod
518 1144 696 1222 petendum,
718 1151 793 1203 voto
817 1144 961 1223 primum,
990 1131 1102 1200 deiudd

95 1237 183 1296 bono
198 1238 332 1318 quodam
349 1231 451 1298 omine
465 1240 658 1299 adducimur.
677 1240 827 1320 Optamus
845 1241 925 1298 enim
948 1240 1004 1298 tibi
1026 1239 1103 1297 omi-

95 1355 272 1416 namurque
291 1337 322 1394 in
344 1338 519 1416 proximum
536 1355 650 1396 annum
671 1338 877 1396 consulatum.
897 1338 942 1396 lta
963 1357 1018 1394 nos
1040 1337 1103 1394 virss'

94 1441 182 1492 tutes
195 1441 268 1504 tuae,
288 1435 329 1492 ita
341 1434 459 1514 judicia
475 1435 623 1514 principis
641 1435 784 1512 augurari
801 1434 921 1494 volunt.
939 1432 1104 1492 Concurrit

94 1537 202 1588 autem
220 1537 254 1588 ut
269 1531 308 1588 sit
321 1531 428 1588 eodem
444 1552 525 1590 auno
536 1540 672 1610 quaestor
682 1532 832 1589 maximus
846 1553 883 1589 ex
898 1531 1002 1588 liberis
1019 1528 1100 1600 Rufi,

93 1627 226 1685 Asinius
252 1627 373 1697 Bassus,
400 1627 524 1707 juvenis
549 1629 616 1706 ipso
635 1635 726 1707 patre
750 1628 867 1687 melior.
891 1628 1011 1685 Vellem
1041 1633 1101 1684 tarn

92 1724 184 1782 ferax
199 1725 346 1782 saeculum
368 1725 457 1783 bonis
474 1725 591 1784 artibus
612 1725 805 1808 haberemus,
825 1732 860 1783 ut
874 1725 994 1804 aliquos
1008 1724 1102 1805 Basso

91 1820 244 1900 praeferre
272 1821 420 1881 deberes:
451 1830 516 1882 tum
544 1842 600 1899 ego
628 1807 661 1880 te¹
686 1821 802 1900 primus
828 1821 969 1880 hortarer
998 1841 1103 1879 mone-

90 1939 226 1996 remque
239 1919 450 1976 circumferres
462 1919 579 1992 oculos,
594 1939 628 1977 ac
643 1918 696 1976 diu
712 1918 882 1998 pensitares
898 1940 987 1998 quem
1004 1918 1103 1998 potis-

45 2005 47 2012 Α
90 2016 210 2072 simum
221 2014 365 2091 eligeres.
382 2015 471 2073 Nunc
485 2037 557 2074 vero
570 2051 608 2058 —-
623 2014 675 2073 sed
694 2014 770 2073 nihil
785 2015 855 2074 volo
869 2015 906 2073 de
919 2018 1018 2074 amico
1034 2034 1102 2071 meo

89 2110 456 2187 arrogantiusdicere—-,
469 2112 633 2171 hocsolum
649 2095 864 2190 dico,diguum
883 2113 1101 2190 essejuvenem

88 2229 190 2289 quem
204 2228 289 2266 more
302 2208 452 2287 majorum
466 2209 497 2266 iu
509 2209 561 2266 filii
578 2209 679 2267 locum
698 2231 845 2269 assumas,
862 2209 985 2267 Debent
999 2217 1102 2267 autem

88 2305 253 2384 sapientes
273 2305 340 2375 viri,
361 2313 395 2363 ut
414 2311 458 2372 tu,
478 2306 555 2364 tales
580 2306 666 2385 quasi
689 2306 801 2366 liberos
818 2306 1005 2386 erepublica
1023 2308 1103 2366 acci-

86 2423 184 2482 pere,
202 2401 310 2480 quales
326 2410 465 2461 enatura
481 2402 615 2461 solemus
626 2410 745 2482 optare.

300 2611 359 2669 19.
380 2614 450 2670 Sur
468 2614 502 2670 le
523 2613 630 2670 choix
650 2615 734 2670 d’un
754 2616 903 2684 gendre.
930 2579 932 2584 ι

460 2726 574 2807 (Gener
591 2726 747 2809 eligitur.)

127 2885 223 2946 Petis
248 2892 282 2944 ut
303 2885 411 2964 eligam
422 2885 578 2964 juvenem,
597 2907 631 2944 ex
648 2907 709 2966 quo
726 2887 808 2945 nasci
823 2894 948 2965 nepotes
966 2888 1103 2946 Aruleno
1131 2896 1170 2958 2⁰

82 2983 230 3045 Rustico
252 2981 368 3042 deceat.
391 2983 449 3050 Qui
469 2983 590 3061 quidem
614 2982 666 3041 diu
692 2984 875 3062 quaerendus
901 2984 1018 3058 luisset,
1042 2985 1102 3042 nisi

81 3088 223 3164 paratus
238 3088 268 3136 et
282 3080 368 3158 quasi
382 3081 523 3159 provisus
541 3088 619 3138 esset
641 3080 797 3138 Minucius
813 3081 983 3139 Aciliauus.
1000 3081 1102 3140 Patria

80 3187 133 3240 est
163 3177 195 3236 ei
226 3176 341 3248 Brixia,
359 3197 395 3234 ex
417 3176 467 3235 illa
492 3185 597 3236 nostra
623 3176 721 3245 ltalia,
746 3199 823 3256 quae
847 3177 977 3235 multum
1002 3177 1103 3237 adhuc

79 3272 304 3345 verecundiae,
327 3273 513 3352 frugalitatis
535 3282 626 3353 atque
649 3275 740 3332 etiam
761 3274 944 3332 rusticitatis
968 3275 1102 3352 antiquar

78 3375 209 3436 retinet
225 3391 262 3428 ac
281 3379 392 3430 servat.
417 3371 518 3442 Pater,
543 3371 693 3449 equestris
718 3370 833 3428 ordinis
854 3371 1007 3450 princeps
1030 3371 1103 3450 quia

78 3470 167 3533 nihil
195 3466 291 3526 altius
317 3466 425 3526 voluit.
453 3468 554 3525 Habet
575 3468 677 3532 aviam
698 3476 866 3525 maternam
894 3470 1103 3538 Serranam,e

76 3564 269 3644 municipio
300 3564 463 3626 Patavium
494 3565 583 3622 Nosti
613 3565 671 3622 loci
699 3585 809 3623 mores
835 3566 965 3622 Serrana
1000 3575 1102 3624 tamnu

77 3661 256 3729 Patavinis
271 3679 394 3740 quoque
412 3661 583 3719 severitatis
601 3661 777 3739 exemplum
794 3668 850 3720 est.
873 3662 1014 3719 Aciliano
1031 3683 1103 3720 vero

75 3765 144 3844 ipsi
166 3759 343 3842 plurimum
363 3758 477 3835 vigoris
490 3765 521 3816 et
534 3758 703 3831 iudustriae,
718 3778 904 3840 quamquam
921 3758 953 3814 in
969 3758 1100 3814 maxima

536 3945 674 3998 ...43-
