2656 4258
413 183 545 222 VOYAGES
561 185 596 222 ET
612 167 791 225 cuulosirriS.
810 199 849 210 ·-
865 185 901 224 LA
916 183 1073 223 caumont!

238 301 480 354 consentaneum
495 294 634 375 estquod
651 293 742 354 initia
755 303 905 355 vocantur
917 295 1111 375 potissimum
1125 315 1160 354 ea
1174 314 1242 373 quae

239 389 343 450 Cereri
363 390 479 474 luerint
495 411 590 452 sacra.
611 391 719 472 Neque
736 390 836 451 solum
854 391 1011 472 antiquior
1025 391 1147 450 cultura
1160 390 1238 468 agri,

238 487 292 548 sed
305 487 397 548 etiam
411 487 528 548 melior.
546 488 653 567 ltaque
676 508 737 546 non
757 487 823 548 sine
840 509 931 548 causa
944 488 1076 568 majores
1088 487 1187 548 nostri
1207 507 1244 546 ex
1322 560 1323 564 Ἰ

240 583 314 646 urhe
338 584 368 644 in
388 606 479 662 agros
500 585 682 662 redigebant
703 605 775 645 suos
796 585 890 660 cives,
915 584 999 664 quod
1014 591 1045 644 et
1066 583 1099 646 in
1125 603 1200 663 paee
1226 603 1244 644 a
1322 577 1323 604 ³

233 681 361 758 ¹rusticis
375 681 522 740 Romanis
539 681 710 756 alebantur,
724 689 755 740 et
774 680 806 744 in
826 681 907 740 bello
919 681 958 740 ab
970 681 1080 740 iisdem
1094 679 1243 742 deiende-

238 777 367 851 bantur;
392 799 607 859 censoresque,
632 786 664 836 et
683 798 754 836 oum
787 797 885 838 novos
916 776 1055 837 homines
1082 777 1114 836 in
1144 777 1247 838 tribus

238 875 398 947 referrent,
420 882 451 934 et
474 895 545 934 cum
573 875 707 954 aliquem
736 895 774 934 ex
803 874 960 934 veteribus
983 873 1105 933 civibus
1127 873 1248 933 vellent

238 970 355 1030 honore
370 973 501 1045 afficere,
519 971 550 1030 in
568 971 666 1032 tribus
686 970 817 1032 rusticas
835 970 1072 1032 transferebant.
1094 969 1159 1032 Nec
1176 969 1245 1030 sine

238 1087 330 1130 causa
352 1061 463 1130 terram
488 1067 626 1128 eamdem
652 1066 850 1147 appellabant
875 1075 1015 1139 matrem,
1042 1066 1156 1148 quique
1177 1087 1249 1128 eam
1323 1084 1324 1152 l

238 1163 378 1224 colerent
390 1165 474 1245 piam
491 1172 522 1224 et
538 1164 642 1222 utilem
663 1183 753 1242 agere
770 1163 866 1223 vitam
884 1163 1062 1238 credebant,
1081 1171 1175 1244 atque
1190 1185 1249 1224 eos
1323 1155 1324 1220 l

240 1260 323 1320 solos
339 1261 475 1342 reliquos
490 1280 555 1320 esse
571 1281 608 1322 ex
623 1261 718 1341 stirpe
736 1260 861 1319 Saturni
876 1260 967 1338 regie.
1323 1232 1324 1274 l

348 1437 433 1496 224.
448 1439 668 1507 Avantages
687 1437 731 1494 de
751 1437 790 1494 la
805 1427 866 1494 'vie
886 1437 952 1494 des
973 1437 1137 1507 ohamps.

332 1531 428 1616 (Quot
450 1540 479 1594 et
500 1541 618 1616 quanta
640 1531 703 1593 sint
723 1531 856 1615 agrestis
869 1532 947 1593 'vitae
969 1531 1153 1613 commoda.)

127 1653 130 1656 ¹
172 1678 211 1741 3·
234 1692 236 1698 ’
318 1663 388 1724 Non
411 1664 468 1724 alia
490 1665 587 1745 magis
609 1673 656 1724 est
676 1664 783 1737 libera,
806 1671 837 1724 et
857 1665 934 1724 vitio
956 1685 1076 1738 carens,

319 1761 472 1842 Ritusque
493 1762 603 1821 melius
624 1745 689 1821 v'ita
710 1782 780 1842 quae
801 1762 918 1841 priscos
940 1762 1033 1836 colat,

319 1858 417 1927 Quam
439 1880 508 1939 quae
530 1859 645 1918 relictis
667 1858 820 1918 moenibus
841 1858 933 1918 silvas
954 1866 1048 1922 amat.

318 1957 389 2014 Non
410 1955 496 2015 illum
518 1975 620 2015 avarae
642 1956 752 2013 mentis
773 1954 943 2014 inflammat
964 1957 1061 2030 furor,

319 2053 378 2120 Qui
400 2073 432 2111 se
453 2051 568 2112 dicavit
589 2051 742 2111 montium
765 2051 918 2110 insontem
938 2052 1046 2132 jugis:

319 2150 388 2208 Non
411 2170 484 2208 aura
506 2147 624 2229 populi,
649 2154 679 2206 et
701 2148 810 2225 vulgus
832 2148 961 2208 infidum
984 2147 1084 2222 bonis,

319 2245 389 2304 Non
411 2245 558 2325 pestilens
580 2244 708 2315 invidia,
732 2265 794 2303 non
817 2245 933 2323 fragilis
954 2245 1052 2306 lavor.

320 2343 391 2401 Non
413 2342 464 2400 ille
485 2361 579 2421 regno
602 2341 708 2413 servit,
732 2350 786 2401 aut
807 2362 901 2420 regno
922 2342 1085 2402 imminens

318 2439 424 2497 Vanos
446 2439 579 2497 honores
600 2438 749 2518 sequitur,
774 2446 828 2498 aut
848 2438 946 2498 fluxas
967 2459 1057 2519 opes;

320 2536 384 2594 Nec
406 2534 519 2593 scelera
541 2535 673 2614 populos
695 2536 775 2594 inter
796 2543 888 2616 atque
910 2535 1001 2596 urbes
1022 2535 1081 2596 sita

320 2632 425 2704 Novit,
448 2648 505 2692 nec
526 2652 632 2690 omnes
666 2633 806 2694 conscius
827 2632 972 2711 strepitus
994 2639 1096 2712 pavet.

320 2728 412 2787 Haud
436 2728 529 2787 verba
551 2729 649 2806 fingit.
674 2729 759 2787 Mille
781 2750 843 2788 non
865 2729 978 2808 quaerit
997 2729 1059 2808 tegi

320 2825 415 2885 Dives
437 2825 607 2897 columnis,
630 2845 687 2883 neo
710 2826 810 2884 trabes
831 2827 929 2885 multo
949 2826 1084 2886 insolens

320 2923 442 3000 Suffigit
462 2943 547 2982 auro.
572 2923 641 2981 Non
664 2944 755 2981 cruor
776 2922 879 3002 largus
900 2924 967 3003 pias

321 3019 455 3077 lnundat
474 3037 556 3091 aras;
580 3021 667 3098 fruge
689 3041 745 3079 nec
768 3019 864 3099 sparsi
886 3040 971 3079 sacra

321 3117 459 3176 Centena
482 3116 565 3174 nivei
587 3117 663 3174 colla
687 3117 875 3176 submittunt
896 3116 1013 3177 boves:

321 3213 381 3271 Sed
404 3233 474 3271 rure
496 3233 595 3271 vacuo
616 3215 745 3292 potitur,
769 3221 800 3272 et
821 3221 927 3292 aperto
949 3213 1063 3272 aethere

322 3309 480 3368 lnnocuus
502 3316 592 3368 errat.
618 3309 753 3368 Callidas
774 3317 896 3368 tantum
918 3309 988 3369 seris

320 3407 477 3465 Struxisse
498 3405 622 3465 fraudes
643 3407 741 3480 novit,
765 3414 796 3465 et
817 3406 916 3465 sessus
938 3407 1023 3486 gravi

322 3503 440 3562 Labore
462 3503 554 3562 niueo
576 3524 689 3582 corpus
712 3503 800 3561 llisso
823 3503 918 3564 fovet.

323 3599 414 3658 Nune
435 3600 486 3659 ille
508 3599 605 3681 ripam
629 3600 736 3658 celeris
757 3599 869 3679 Alphei
891 3601 981 3678 legit;

322 3696 412 3753 Nune
434 3697 568 3754 nemoris
591 3696 643 3755 alti
665 3696 759 3754 densa
781 3706 915 3756 metatur
936 3697 1015 3770 loca,

323 3791 382 3849 Ubi
405 3793 504 3851 Lerna
525 3813 604 3873 puro
626 3793 726 3871 gelida
748 3793 886 3873 pellucet
908 3795 998 3856 vado,

665 3927 824 3977 -156-
