2678 4250
176 192 258 252 294.
279 195 349 250 Les
367 195 495 262 portes
515 195 562 250 du
580 193 714 264 temple
733 195 778 250 de
797 192 961 250 Minerve

460 283 485 339 a
500 283 697 351 Syracuse.

128 386 229 464 (Quam
249 387 404 469 pulchrae
431 386 551 469 suerint
578 385 774 468 Syracusani
800 385 910 467 templi
930 385 1036 446 valvae

406 483 566 544 Minervae
583 481 746 564 dedicati.)

127 642 233 702 Vereor
247 663 285 702 ne
298 643 363 702 haee
376 643 430 723 qui
445 663 507 701 non
522 642 666 702 viderunt
679 642 781 701 omnia
796 662 844 700 me
859 640 951 701 nimis
965 659 1076 718 augere
1102 651 1144 718 3·

96 747 171 818 atque
196 761 305 799 ornare
331 740 537 799 arbitrentur:
566 739 649 819 quod
680 747 782 798 tamen
810 759 899 797 nemo
928 738 1075 817 suspicari

95 826 182 898 debet,
197 836 259 887 tam
276 849 340 888 esse
355 848 404 887 me
419 828 566 907 cupidum
583 835 617 886 ut
632 835 678 887 tot
699 828 779 885 viros
795 827 955 907 primarios
970 826 1074 898 velim,

95 925 135 1004 qui
154 925 215 984 haec
236 925 379 998 viderint,
404 946 468 983 esse
491 925 654 983 temeritati
674 933 705 983 et
727 924 887 983 mendacio
910 943 978 982 meo
1002 943 1077 981 con-

95 1013 169 1071 scios.
186 1014 375 1075 Confirmare
390 1013 448 1071 hoc
467 1013 584 1093 liquido
608 1033 743 1092 possum,
762 1012 866 1071 valvas
880 1011 1077 1090 magnificen-

95 1109 185 1182 tiores,
202 1131 239 1169 ex
255 1131 330 1169 auro
346 1118 437 1189 atque
453 1110 544 1168 ebore
561 1109 757 1189 perfectiores
773 1109 872 1168 nullas
886 1128 1031 1187 umquam
1044 1106 1076 1166 in

97 1206 148 1265 ullo
159 1207 273 1286 templo
289 1207 393 1267 luisse.
412 1206 595 1264 Incredibile
610 1204 694 1265 dictu
709 1214 756 1265 est
770 1227 861 1285 quam
875 1205 963 1264 multi
975 1203 1076 1264 Graeci

94 1301 126 1360 de
144 1304 299 1363 valvarum
325 1303 434 1362 harum
461 1302 691 1382 pulchritudine
712 1303 860 1382 scriptum
884 1301 1075 1382 reliquerint.

93 1399 215 1459 Nimium
239 1401 368 1460 forsitan
388 1400 453 1458 haee
473 1399 516 1458 illi
537 1400 687 1459 mirentur
708 1408 799 1479 atque
816 1401 944 1458 ellerant
962 1417 969 1459 :
988 1405 1054 1456 esto
1066 1423 1074 1469 ;

92 1505 289 1557 verumtamen
319 1497 477 1556 honestius
493 1505 540 1555 est
558 1497 735 1575 reipublicae
752 1503 865 1555 nostrae
880 1517 915 1555 ea
933 1516 1002 1576 quce
1016 1494 1076 1554 illis

92 1593 207 1672 pulchra
234 1615 300 1654 esse
329 1595 501 1663 videantur,
529 1594 742 1673 imperatorem
770 1602 909 1652 nostrum
935 1592 1076 1651 inbelle

92 1689 239 1770 reliquisse
263 1712 354 1772 quam
381 1698 543 1771 praetorem
569 1691 600 1749 in
621 1711 696 1770 pace
718 1690 890 1749 abstulisse.
916 1691 961 1748 Ex
984 1692 1076 1748 ebore

93 1786 315 1866 diligentissime
342 1787 477 1866 perlecta
509 1795 687 1864 argumenta
720 1794 807 1845 erant
834 1788 865 1844 in
891 1787 1015 1846 valvis:
1041 1807 1077 1844 ea

91 1882 189 1943 Verres
207 1884 394 1943 detrahenda
421 1885 541 1943 curavit
555 1884 666 1944 omnia.
682 1883 835 1960 Gorgonis
854 1904 888 1942 os
910 1882 1077 1963 pulcherri-

92 1999 175 2053 mum,
190 1981 334 2040 erinitum
351 1981 513 2060 anguibus
529 1980 649 2039 revellit
661 1987 752 2060 atque
767 1980 916 2041 abstulit:
930 1986 1077 2038 ettamen

92 2067 230 2129 indicavit
244 2091 276 2128 se
297 2090 358 2130 non
379 2069 478 2128 solum
498 2069 628 2128 artificio
647 2069 805 2128 sedetiam
828 2072 1077 2152 pretioquaestu-
1163 2143 1165 2150 Α

91 2184 141 2242 que
163 2165 242 2226 duci.
269 2166 347 2225 Nam
370 2166 468 2225 bullas
491 2187 597 2224 aureas
621 2186 726 2223 omnes
744 2185 781 2226 ex
803 2164 851 2222 his
874 2164 983 2237 valvis,
1008 2185 1076 2244 quae

92 2269 170 2322 erant
188 2272 218 2323 et
233 2264 339 2322 multae
355 2271 386 2322 et
402 2283 522 2340 graves,
539 2283 600 2320 nen
616 2262 770 2321 dubitavit
785 2262 904 2320 auferre
923 2278 930 2334 3
946 2282 1076 2341 quarum

31 2355 33 2376 '
94 2357 145 2417 iste
163 2381 224 2419 non
254 2381 347 2440 opere
369 2359 589 2433 delectabatur,
613 2358 665 2417 sed
685 2358 831 2438 pondere.
859 2360 966 2438 ltaque
995 2357 1078 2438 ejus-

32 2465 33 2468 ’
92 2456 166 2514 modi
180 2457 286 2516 valvas
299 2457 435 2536 reliquit,
452 2463 498 2528 ut,
515 2477 583 2535 quae
599 2455 672 2514 olim
688 2456 725 2514 ad
741 2456 912 2515 ornandum
928 2454 1075 2534 templum

89 2559 167 2612 erant
188 2555 331 2627 maxime,
358 2573 440 2612 nunc
464 2561 584 2611 tantum
609 2551 648 2610 ad
668 2551 873 2611 claudendum
899 2551 988 2611 factae
1011 2573 1077 2612 esse

90 2647 254 2712 videantur.

288 2827 372 2886 295.
394 2828 451 2884 Un
469 2827 603 2883 bronze
618 2826 663 2882 de
682 2824 865 2884 Corintho.

316 2931 372 3012 (De
391 2930 554 3012 Corinthio
570 2929 705 3012 quodam
722 2928 839 3012 sipno.)

121 3072 164 3132 Ex
183 3073 354 3133 hereditate
376 3094 444 3154 quae
463 3072 539 3131 mihi
560 3072 697 3142 obvenit,
721 3072 780 3130 emi
806 3072 945 3152 proxime
967 3072 1077 3132 Corin·
1103 3085 1144 3149 3ο

89 3166 181 3228 thium
198 3172 331 3249 signum,
356 3170 511 3229 modicum
528 3168 661 3250 quidem,
679 3169 730 3226 sed
748 3168 891 3227 festivum
909 3176 939 3227 et
955 3189 1077 3248 expres-

88 3282 160 3338 sum,
183 3274 334 3346 quantum
352 3287 409 3344 ego
424 3248 521 3346 sapie,
545 3265 597 3346 qui
613 3266 741 3324 fortasse
756 3265 788 3324 in
804 3265 886 3324 omni
901 3286 943 3338 re,
967 3266 998 3323 in
1021 3266 1078 3324 hae

89 3370 165 3421 certe
191 3385 339 3444 perquam
366 3365 510 3441 exiguum
535 3363 631 3443 sapio.
658 3363 725 3421 Hoc
748 3370 850 3421 tamen
875 3362 995 3441 signum
1020 3383 1077 3441 ego

92 3476 208 3538 quoque
229 3460 376 3539 intellego
391 3478 398 3520 t
415 3465 462 3519 est
479 3460 559 3518 enim
578 3459 706 3530 nudum,
723 3480 779 3517 nee
794 3465 847 3517 aut
864 3459 951 3532 vitia,
973 3460 997 3517 si
1016 3481 1077 3538 qua

90 3563 165 3628 sunt,
180 3558 268 3632 celat,
282 3565 335 3616 aut
346 3557 566 3636 laudesparum
578 3562 723 3616 ostentat.
738 3556 863 3633 Effingit
878 3577 980 3615 senem
996 3563 1078 3615 stan·

88 3654 144 3708 tem
159 3671 165 3712 ε
185 3675 262 3726 ossa,
284 3654 426 3726 musculi,
445 3653 542 3725 nervi,
553 3674 651 3725 venae,
665 3672 748 3728 rugae
759 3652 862 3723 etiam,
877 3653 1076 3732 utspirantiS‚

91 3759 257 3826 apparent:
283 3751 344 3810 rari
366 3758 396 3809 et
418 3749 561 3808 cedentes
583 3749 696 3829 capilli,
717 3749 779 3808 lata
803 3749 899 3823 frons,
920 3757 1076 3809 eontracta

510 3937 667 3987 -eei-
