2656 4258
309 170 393 230 213.
412 171 625 234 Mervessles
644 173 689 228 de
707 172 907 242 Babylone.

376 265 435 347 (De
456 265 632 347 Babylonia
655 264 840 346 miraculis.)

150 398 340 479 Babylonem
376 399 554 459 Semiramis
582 395 775 472 condiderat,
809 396 871 470 vel,
904 404 940 459 ut
972 396 1112 484 plerique
1139 392 1182 456 8·

107 495 280 568 credidere,
298 494 403 568 Belus,
420 495 509 578 cujus
521 495 605 574 regia
620 495 804 556 ostenditur.
821 494 931 555 Murus
944 495 1114 556 instructus

107 592 259 653 laterculo
281 592 397 664 coctili,
417 591 568 652 bitumine
589 579 758 662 interlituS,
780 592 913 671 spatium
935 590 1063 669 triginta
1084 595 1116 650 et

107 693 242 762 duorum
254 693 367 774 pedum
388 692 551 754 latitudine
570 692 776 773 amplectitur,
795 683 846 753 ulii
862 691 1021 772 quadrigae
1034 690 1117 750 inter

108 811 141 850 se
151 797 350 850 occurrentes
363 790 428 850 sine
439 791 577 870 periculo
590 810 762 850 commeare
775 789 931 849 dicuntur.
942 777 1119 868 Euphrates

106 887 269 959 interfluit,
291 907 475 968 magnaeque
494 887 584 947 molis
604 886 814 967 crepidinibus
836 892 1008 946 coercetur.
1032 884 1115 946 Pons

106 983 249 1064 lapideus
277 984 398 1045 flumini
435 983 599 1064 impositus
625 984 732 1064 jungit
753 983 877 1056 urbem;
904 981 955 1042 hic
990 1000 1116 1066 quoque

106 1080 352 1142 interminabilia
369 1080 505 1141 Orientis
520 1101 613 1161 opera
629 1087 808 1142 numeratus
821 1086 878 1144 est.
895 1081 1007 1140 Arcem
1021 1077 1114 1139 etiam

107 1177 262 1236 mirantur
292 1177 410 1236 ambitu
437 1176 550 1256 viginti
583 1177 682 1236 stadia
715 1176 918 1258 complexam,
948 1173 1115 1239 altitudine

105 1273 269 1352 octoginta
289 1272 383 1353 pedes
404 1280 613 1356 superantem.
634 1274 734 1355 Super
753 1293 832 1346 arce,
848 1273 1009 1350 vulgatum
1029 1270 1118 1332 Grae-

104 1391 215 1430 corum
234 1371 346 1435 tabulis
366 1369 559 1444 miraculum,
584 1371 717 1451 pensiles
733 1371 814 1431 horti
836 1376 919 1430 sunt.
943 1368 1023 1429 Saxo
1044 1367 1116 1448 pilae

103 1488 178 1547 quae
199 1474 298 1527 totum
324 1488 402 1526 onus
430 1467 585 1527 sustinent
613 1467 772 1542 instructae
797 1472 895 1526 sunt:
923 1485 1016 1545 super
1038 1464 1117 1544 pilas

104 1561 210 1643 lapide
233 1563 383 1644 quadrato
405 1563 504 1623 solum
531 1571 662 1623 stratum
683 1570 740 1637 est,
764 1563 884 1642 patiens
913 1570 1002 1622 terrae
1024 1581 1116 1642 quam

104 1659 200 1720 altam
229 1659 375 1740 injiciunt
408 1671 439 1718 et
470 1661 587 1719 umoris
618 1680 681 1741 quo
705 1660 807 1737 rigant
833 1666 946 1732 terras;
977 1658 1117 1738 adeoque

104 1756 313 1816 validissimas
333 1757 458 1816 arbores
481 1756 634 1816 sustinent
656 1756 759 1815 moles
783 1763 814 1816 et
833 1755 997 1835 frugiferas
1029 1773 1117 1838 aeque

104 1873 143 1911 ac
166 1853 191 1912 si
217 1861 297 1914 terra
319 1875 373 1913 sua
401 1854 565 1914 alerentur.
597 1853 723 1922 Credas,
748 1852 855 1932 procul
878 1852 1024 1911 viridaria
1055 1851 1117 1911 alta

105 1950 335 2030 prospiciendo,
354 1950 449 2009 silvas
463 1949 623 2008 imminere
637 1949 793 2010 montibus
805 1949 878 2008 suis.
891 1949 988 2028 Syriae
1000 1968 1114 2027 regem,

106 2046 265 2126 Babylone
292 2055 489 2124 regnantem,
518 2047 676 2126 hocopus
702 2067 768 2105 esse
794 2045 934 2105 molitum
959 2043 1116 2103 memoriae

105 2143 266 2223 proditum
299 2151 355 2214 est,
389 2164 493 2203 amore
521 2143 663 2224 conjugis
694 2143 822 2217 victum,
853 2163 933 2222 quae,
964 2139 1117 2202 desiderio

6 2229 7 2234 ἵ
105 2260 269 2299 nemorum
287 2240 500 2320 silvarumque
515 2241 547 2298 in
569 2239 794 2320 campestribus
813 2239 888 2299 locis
909 2238 1011 2298 virum
1030 2257 1116 2299 com-

6 2337 7 2380 l
31 2331 39 2348 '
104 2336 188 2418 pulit
201 2337 415 2396 amoenitatem
431 2343 552 2397 naturae
566 2358 676 2415 genere
692 2336 784 2417 hujus
797 2336 898 2417 operis
918 2334 1042 2396 imitari.

312 2538 396 2597 214.
415 2542 519 2597 Luxe
540 2541 606 2597 des
625 2539 703 2597 rote
723 2541 767 2595 de
787 2541 912 2596 Perse.

314 2634 374 2716 (De
394 2635 597 2696 Persicorum
619 2656 730 2718 repum-
754 2633 906 2715 luuuria.)

6 2833 7 2838 η
146 2766 266 2843 Regum
308 2774 412 2826 tamen
453 2768 586 2841 luxuria,
630 2788 722 2847 quam
757 2766 817 2846 ipsi
853 2764 1114 2844 magnificentiam
1141 2769 1184 2833 3·

103 2862 276 2943 appellant,
308 2885 401 2943 supra
426 2865 564 2924 omnium
588 2865 727 2942 gentium
756 2863 843 2922 vitia.
868 2863 946 2922 Cum
967 2883 1022 2921 rex
1049 2882 1115 2922 sese

6 2987 7 3022 l
103 2959 137 3018 in
163 2960 290 3039 publico
316 2961 456 3040 conspici
486 2961 615 3041 patitur,
645 2959 782 3020 turibula
807 2966 952 3037 argentea
980 2957 1115 3017 ministri

6 3093 8 3142 3
104 3056 220 3130 lerunt,
237 3064 400 3137 totumque
418 3058 478 3116 iter
504 3078 558 3136 per
578 3057 661 3136 quod
682 3057 754 3115 ferri
773 3057 948 3128 destinavit,
964 3055 1113 3116 odoribus

6 3199 7 3220 ,
102 3153 273 3232 complent.
305 3158 407 3213 Aurea
428 3154 537 3213 lectica
563 3154 737 3232 margaritis
761 3153 877 3212 circum
906 3152 1115 3233 pendentibus

6 3255 8 3304 l
104 3249 249 3320 recubat;
285 3249 429 3310 distincta
462 3257 535 3310 sunt
561 3271 637 3309 auro
668 3257 699 3308 et
724 3270 860 3330 purpura
892 3249 1018 3307 carbasa
1045 3270 1116 3329 quae

6 3333 8 3350 ¹
104 3345 234 3405 indutus
250 3354 314 3420 est;
331 3346 471 3408 lecticam
485 3354 659 3426 sequuntur
672 3346 780 3406 armati
795 3345 996 3426 corporisque
1011 3353 1117 3406 custo·

103 3442 171 3516 des,
200 3443 281 3502 inter
303 3443 500 3531 quosnamis
532 3463 603 3502 aves
631 3443 779 3523 pendent,
806 3462 881 3522 quas
907 3448 1000 3506 cantu
1029 3443 1116 3502 seriis

104 3539 199 3600 rebus
209 3538 387 3620 obstrepere
397 3538 579 3598 docuerunt.
594 3539 690 3618 Regia
702 3547 823 3597 auratas
835 3538 993 3598 columnas
1004 3538 1113 3614 habet;

104 3652 188 3704 totas
202 3665 252 3704 eas
266 3645 338 3703 vitis
349 3665 424 3703 auro
435 3645 541 3704 caelata
553 3645 715 3724 percurrit,
729 3644 893 3725 aviumque
904 3664 1035 3725 quarum
1045 3645 1115 3704 visu

102 3741 238 3802 maxime
273 3740 409 3819 gaudent
442 3749 595 3819 argenteae
629 3741 743 3819 effigies
774 3761 868 3821 opera
903 3740 1111 3818 distinguunt.

535 3918 693 3970 -149—
