2682 4258
483 163 519 202 sa
541 165 586 202 vis
607 147 708 201 rarius
729 164 780 202 ors
802 165 927 202 nonnius

310 495 395 555 499.
416 498 585 554 Bouheur
605 499 649 556 de
667 497 707 556 la
724 499 784 557 vie
803 498 1098 568 contemplative.

206 660 322 741 (Quam
349 660 412 722 sint
429 661 515 723 beati
543 661 602 746 qui
628 663 660 724 in
686 685 792 725 rerum
815 663 1073 746 contemplatione
1101 663 1208 725 studia

622 765 769 844 ponunt.)

126 1017 192 1088 uh.
247 1017 331 1086 Quae
345 1017 432 1077 illurn
451 1019 591 1091 felicitae,
612 1040 704 1100 quam
720 1019 847 1099 pulchra
863 1026 1004 1078 senectus
1017 1025 1130 1088 manet,
1152 1019 1210 1099 qui

207 1115 287 1174 sein
306 1115 449 1188 Zenonis,
473 1116 676 1196 Pythagorae,
697 1116 878 1186 Democriti,
900 1115 1086 1184 Aristotelis,
1106 1105 1225 1174 Theo-¹

206 1212 325 1292 phrasti
335 1212 508 1272 clientelam
519 1213 680 1272 contulit?
702 1213 837 1286 habebit,
852 1233 922 1270 cum
938 1213 1050 1292 quibus
1064 1212 1101 1270 de
1117 1213 1211 1269 mini-

207 1309 265 1370 mis
278 1309 480 1389 maximisque
502 1311 593 1370 rebus
610 1309 767 1379 deliberet,
787 1331 864 1391 quos
880 1310 917 1368 de
935 1331 966 1368 se
980 1309 1119 1388 quotidie
1135 1329 1211 1367 con-

208 1405 300 1477 sulat,
330 1407 477 1486 aquibus
503 1406 609 1466 audiat
628 1428 735 1465 verum
760 1407 825 1465 sine
844 1406 1041 1476 contumelia,
1065 1405 1211 1464 laudetur

208 1503 273 1561 sine
301 1503 490 1574 adulatione,
514 1503 552 1562 ad
578 1524 709 1582 quorum
738 1525 769 1562 se
799 1503 1030 1562 similitudinem
1069 1504 1208 1579 effingat.

167 1649 170 1654 .
209 1600 348 1658 Solemus
359 1599 460 1658 dicere
476 1622 537 1658 uon
559 1600 653 1660 luisse
677 1601 708 1657 in
730 1609 833 1659 nostra
849 1607 1012 1679 potestate,
1028 1620 1105 1681 quos
1118 1600 1211 1657 sorti-

208 1716 312 1755 remur
332 1705 485 1775 parenteS,
501 1698 579 1756 sorte
591 1697 678 1756 nobis
692 1697 799 1756 datos:
817 1697 906 1755 nobis
918 1718 992 1755 vero
1004 1696 1043 1755 ad
1065 1704 1209 1755 nostrum

209 1793 368 1852 arbitrium
382 1794 465 1852 nasci
479 1794 559 1854 licet.
577 1793 845 1853 Nobilissimorum
864 1794 1058 1871 ingeniorum
1073 1793 1211 1852 familiae

209 1898 304 1950 sunt:
320 1889 398 1968 elige
412 1890 443 1948 iu
459 1912 549 1970 quam
559 1891 689 1950 adscisci
701 1891 786 1952 velis.
811 1891 880 1949 Non
903 1891 934 1949 in
959 1911 1070 1949 nomeu
1086 1898 1209 1948 tantum

209 1987 413 2066 adoptaberis,
427 1987 479 2046 sed
493 1988 524 2046 in
536 1988 601 2066 ipsa
616 1988 706 2059 bona,
725 2009 801 2067 quae
818 2008 879 2046 non
902 1995 993 2046 erunt
1008 1987 1131 2046 sordide
1152 2007 1211 2046 nec

209 2083 342 2162 maligue
361 2083 561 2143 custodienda
579 2103 586 2144 :
603 2085 718 2166 majora
734 2086 818 2156 fient,
834 2106 895 2163 quo
906 2084 956 2142 illa
972 2084 1112 2164 pluribus
1129 2083 1211 2141 divi-

209 2180 295 2241 seris.
321 2181 360 2238 Hi
384 2181 440 2239 tibi
464 2181 583 2240 dabunt
603 2181 639 2240 ad
662 2182 874 2241 aeternitatem
900 2181 959 2240 iter
976 2190 1006 2239 et
1025 2188 1055 2239 te
1070 2181 1101 2238 in
1119 2180 1209 2239 illum

209 2278 322 2349 locum,
348 2298 386 2336 ex
415 2298 477 2357 quo
497 2299 587 2336 nemo
611 2278 765 2358 dejicitur,
792 2278 1007 2337 sublevabunt.
1036 2278 1120 2336 Haec
1147 2299 1210 2336 una

209 2375 288 2434 ratio
303 2382 349 2434 est
367 2375 576 2434 extendendae
598 2376 803 2448 mortalitatis,
823 2376 917 2434 immo
936 2376 967 2432 in
994 2375 1211 2433 immortalita-

209 2478 270 2530 tem
287 2471 465 2531 vertendae.
482 2473 633 2543 Honores,
648 2479 857 2542 monumenta,
869 2472 1019 2552 quidquid
1033 2478 1086 2530 aut
1102 2471 1210 2530 decre-

209 2567 248 2626 tis
263 2567 391 2626 ambitio
409 2568 503 2649 jussit
522 2575 576 2626 aut
601 2568 746 2647 operibus
766 2569 926 2641 exstruxit,
953 2569 1015 2626 cito
1035 2567 1207 2627 subruitur.

210 2665 295 2723 Nihil
316 2686 377 2723 non
392 2665 482 2744 longa
498 2665 664 2724 demolitur
678 2673 813 2724 vetustas
827 2673 858 2724 et
876 2672 999 2725 movet:
1022 2673 1053 2723 at
1067 2665 1116 2736 iis,
1129 2686 1209 2745 quae

209 2763 404 2821 consecravit
430 2763 589 2842 sapientia,
611 2763 715 2821 noceri
741 2783 802 2820 non
820 2769 934 2842 potest.
959 2762 1050 2821 Nulla
1072 2761 1209 2820 abolebit

212 2868 306 2931 aetas,
324 2859 406 2920 nulla
423 2859 583 2919 diminuet.
602 2860 738 2939 Sequens
762 2879 796 2917 ac
811 2859 922 2918 deinde
939 2879 1060 2938 semper
1079 2857 1209 2917 ulterior

209 2956 326 3035 aliquid
355 2955 394 3013 ad
424 2956 651 3015 venerationem
677 2957 806 3026 confert,
839 2957 985 3035 quoniam
1018 2955 1142 3034 quidem
1175 2955 1208 3013 in

211 3053 313 3111 vicino
327 3060 468 3110 versatur
489 3052 620 3128 iuvidia;
642 3053 811 3132 simplicius
827 3052 918 3130 louge
934 3052 1030 3131 posita
1047 3052 1205 3110 miramur.

210 3149 364 3229 Sapientis
392 3169 465 3226 ergo
493 3149 624 3208 multum
647 3156 731 3228 patet
751 3149 825 3208 vita.
855 3150 925 3207 Non
944 3148 1024 3206 idem
1050 3147 1136 3206 illum
1154 3149 1207 3228 qui

209 3253 329 3305 ceteros
357 3246 506 3308 terminus
524 3245 663 3305 includit.
689 3246 779 3305 Solus
797 3247 917 3324 generis
939 3246 1064 3304 humani
1088 3245 1207 3322 legibus

209 3343 351 3402 solvitur.
368 3343 477 3401 Omnia
495 3343 537 3400 illi
561 3342 679 3401 saecula
693 3351 728 3400 ut
743 3343 799 3400 deo
812 3343 961 3403 serviunt.
981 3343 1116 3400 Transiit
1129 3348 1207 3400 tem-

210 3461 268 3520 pus
282 3439 430 3518 aliquod?
445 3441 503 3498 hoc
520 3439 730 3499 recordatione
743 3439 987 3519 comprehendit.
1009 3440 1132 3498 Instat?
1149 3439 1207 3499 hoc

210 3538 317 3597 utitur.
342 3537 514 3595 Venturum
532 3538 602 3596 est?
629 3538 687 3596 hoc
709 3537 867 3616 praecipit.
893 3537 1029 3613 Longam
1047 3535 1092 3593 illi
1111 3535 1206 3593 vitam

210 3634 284 3694 lacit
301 3634 437 3693 omnium
456 3643 628 3713 temporum
642 3634 674 3692 in
689 3654 784 3693 unum
797 3634 931 3694 collatio.

630 3901 785 3954 -366-
